1520 2520
325 83 344 98 ⁰
750 93 794 129 12

161 200 230 235 iam
256 204 390 236 veteres
414 201 508 237 docti
532 201 597 236 viri
621 213 693 237 non
727 201 820 237 idem
845 200 1036 243 senserint,
1071 204 1188 237 utrum
1214 199 1384 236 Aristides

160 263 344 297 revocatus
375 273 515 308 pugnae
547 262 762 299 interfuisset
794 274 919 305 necne,
949 273 1111 308 *quorum
1142 264 1331 307 utrumque
1362 271 1385 296 a

162 321 353 359 Plutarcho
378 323 606 360 coniunctum
631 327 811 368 narretur,
836 323 947 360 solum
974 320 1091 360 autem
1116 323 1185 359 hoc
1208 322 1255 359 ab
1273 321 1385 361 Hero-

161 383 255 420 doto.
306 384 406 427 Quod
431 397 551 421 verum
578 397 654 422 esse
678 397 783 433 nego.v
828 385 919 421 Nam
943 387 1014 422 non
1040 384 1144 420 modo
1160 384 1280 421 multis
1304 384 1383 421 aliis

159 445 368 481 testimoniis
407 449 542 482 certum
582 450 635 483 est
684 447 932 489 Athenienses,
973 458 1081 492 quum
1130 445 1226 482 bella
1262 445 1384 492 gravia

157 507 349 551 instarent,
376 519 496 545 omnes
520 509 658 545 exsules
682 521 883 552 revocasse,
909 509 1064 556 exceptis
1089 509 1156 552 eis,
1184 508 1245 554 qui
1270 509 1383 556 parri-

157 568 249 605 cidio
274 569 434 606 obstricti
459 574 591 614 essent,
625 571 685 607 sed
715 572 821 608 etiam
855 572 892 608 id
919 571 1118 608 Andocides
1142 571 1193 608 de.
1208 571 1390 619 mysteriis

161 630 227 665 107
249 632 414 675 tradidit,
439 633 500 678 qui
516 634 657 678 quidem
675 634 771 669 dicit=
788 634 1018 670 Athenienses
1042 634 1110 669 hoc
1127 637 1210 670 ante
1226 644 1381 680 pugnam

157 692 417 729 Marathoniam
443 695 582 738 fecisse,
609 695 669 731 sed
694 695 842 732 Scheibe
865 698 893 742 ¹)
918 696 1171 732 demonstravit
1200 696 1267 732 hoc
1301 699 1382 732 tan-

156 757 231 790 tum
273 754 388 790 studio
417 755 590 792 rhetorice
624 757 762 792 dicendi
801 757 934 793 factum
966 769 1041 806 esse
1074 761 1108 793 et
1141 757 1187 793 ad
1221 761 1381 794 nostrum

156 818 294 862 tempus
318 820 478 863 spectare
500 818 600 853 illam
638 818 761 865 legem.
811 819 866 856 Ita
898 823 1016 855 autem
1049 831 1091 855 ea
1125 831 1216 864 quae
1241 818 1381 856 Plutar-

156 877 243 914 chus
277 881 313 914 et
337 878 537 915 Herodotus
568 884 717 916 narrant
749 881 962 927 coniungere
995 892 1180 928 possumus
1213 893 1292 918 cum
1324 882 1380 918 his

156 939 277 983 rebus,
302 944 342 977 ut
366 942 459 976 inter
482 942 633 977 reditum
659 943 774 987 ipsum
799 946 835 978 et
859 943 970 988 legem
992 943 1102 986 illam,
1126 955 1217 988 quae
1240 946 1379 980 tantum

155 1001 187 1036 ei
211 1003 387 1047 permisit,
421 1006 461 1038 ut
486 1004 633 1047 rediret,
666 1004 932 1051 distinguamus.
983 1004 1075 1040 Nam
1108 1004 1276 1050 quamdiu
1304 1005 1380 1040 Ari-

155 1063 263 1099 stides
288 1076 359 1100 non
385 1055 555 1109 redierat,
590 1069 666 1102 erat
696 1066 796 1102 exsul
825 1070 861 1102 et
885 1066 1028 1102 tandem
1053 1066 1169 1102 reditu
1201 1067 1278 1113 ipso
1311 1066 1380 1103 hoc

154 1124 260 1161 finem
284 1126 401 1162 habet.
451 1127 539 1163 Tum
557 1139 677 1163 omnes
695 1127 921 1165 difficultates
939 1128 1099 1164 sublatae
1117 1131 1208 1164 sunt.
1258 1128 1379 1175 Neque

154 1199 236 1223 vero
261 1189 356 1234 quod
382 1190 555 1225 Aristides
580 1194 737 1226 extremo
762 1191 929 1236 temporis
961 1194 1093 1236 puncto
1119 1192 1254 1237 Aegina
1278 1191 1378 1227 Sala-

155 1250 285 1285 minem
308 1251 420 1294 venit,
457 1263 564 1297 quum
598 1255 672 1288 tam
697 1252 904 1298 perturbata
937 1255 1028 1288 esset
1053 1251 1219 1296 Graecia,
1251 1253 1378 1289 mirum

155 1314 218 1347 est.
269 1313 383 1355 Quum
409 1314 501 1349 enim
526 1314 583 1349 lex
610 1314 786 1350 Salamine
813 1314 949 1349 sancita
973 1318 1082 1357 esset,
1114 1314 1219 1350 facile
1250 1317 1304 1350 est
1325 1316 1377 1350 in-

155 1372 297 1409 tellectu
331 1375 464 1410 amicos
493 1375 653 1411 Aristidis
686 1378 825 1423 tempus
849 1387 920 1411 non
951 1375 1115 1412 habuisse
1145 1376 1377 1413 revocationis

154 1447 218 1480 per
249 1435 386 1471 litteras
419 1437 636 1473 nuntiandae
705 1438 820 1480 Quum
852 1438 960 1483 igitur
992 1438 1142 1473 fortasse
1175 1438 1251 1473 sola
1282 1437 1378 1474 fama

153 1497 338 1540 audiisset,
380 1500 452 1533 tam
494 1510 572 1533 sero
613 1499 724 1541 venit,
776 1510 989 1544 quamquam
1039 1499 1180 1544 quidem
1219 1499 1377 1545 profecto

157 1559 302 1596 Athenis
327 1561 440 1607 magis
464 1561 629 1606 prodesse
652 1565 792 1607 poterat
817 1574 923 1607 quam
946 1562 1108 1607 Aeginae.
1159 1562 1277 1599 Nihilo
1302 1575 1376 1599 ma-
1418 1552 1424 1555 χ

153 1621 206 1667 gis
231 1622 451 1667 urguendum
481 1626 549 1664 est,
588 1622 682 1667 quod
718 1622 917 1658 Herodotus
955 1623 999 1658 de
1031 1624 1252 1660 revocatione
1287 1625 1376 1660 nihil

153 1682 249 1727 dicit,
275 1695 384 1730 quum
409 1696 514 1729 quam
541 1685 691 1721 maxime
715 1684 752 1721 id
769 1689 865 1731 agat,
892 1688 931 1721 ut
944 1697 1099 1733 pugnam
1116 1686 1229 1732 ipsam
1246 1686 1377 1723 descri-

151 1745 223 1780 bat.
273 1745 375 1780 Solus
400 1746 540 1791 quidem
568 1746 752 1780 Cornelius
785 1749 909 1781 auctor
941 1750 995 1781 est
1025 1746 1231 1790 Aristidem,
1267 1759 1375 1792 quum

152 1818 223 1843 non
247 1808 431 1843 restitutus
456 1808 519 1850 sit,
544 1819 683 1853 pugnae
707 1807 923 1851 interfuisse,
948 1809 1009 1845 sed
1035 1809 1121 1845 mihi
1145 1809 1303 1855 quidem,
1335 1813 1376 1845 ut

151 1870 222 1905 iam
249 1881 357 1915 supra
381 1869 472 1911 dixi,
497 1882 641 1915 prorsus
668 1882 690 1905 a
713 1870 861 1905 veritate
885 1870 1075 1906 abhorrere
1096 1870 1242 1906 videtur.
1294 1871 1375 1906 Plu-

151 1931 313 1968 tarchum
345 1931 453 1978 igitur
488 1934 523 1967 et
556 1931 775 1968 Herodotum
808 1931 901 1968 inter
934 1943 970 1967 se
1003 1931 1187 1968 dissentire
1220 1934 1374 1969 statuere

151 2005 223 2029 non
263 2005 422 2039 possum,
466 1994 526 2029 sed
559 1997 748 2039 utrumque
782 1995 930 2030 sensisse
971 1994 1159 2030 Aristidem
1190 1995 1261 2030 iam
1291 1998 1374 2031 ante

151 2067 305 2102 pugnam
330 2058 532 2091 revocatum
557 2067 641 2091 esse.
692 2055 785 2092 Num
808 2059 925 2091 autem
951 2066 1106 2099 caussae,
1130 2067 1221 2101 quae
1244 2067 1267 2092 a
1292 2055 1374 2093 Plu-

149 2118 274 2154 tarcho
291 2117 503 2159 afferuntur,
530 2117 796 2153 Atheniensium
822 2120 935 2153 metus
959 2121 994 2152 et
1018 2117 1228 2153 desiderium
1249 2119 1375 2154 Aristi-

151 2179 223 2223 dis,
260 2182 376 2215 rectae
413 2179 500 2222 sint,
538 2178 639 2215 valde
675 2178 808 2215 dubito.
878 2178 1109 2226 Verisimilius
1144 2178 1283 2225 quidem
1320 2184 1374 2217 est

149 2245 272 2287 postea
295 2241 456 2276 inventas
480 2253 540 2276 eas
564 2253 658 2283 esse,
684 2241 813 2286 quippe
839 2252 929 2285 quae
955 2240 1100 2276 Aristidi
1124 2241 1220 2276 laudi
1246 2245 1372 2284 essent,

228 2327 251 2364 ¹)
273 2327 453 2357 Zeitschrift
472 2327 521 2356 fiir
542 2326 1000 2364 Alterthumswissenschaften,
1025 2329 1114 2364 1842,
1137 2329 1205 2358 210.
