1520 2520
743 73 792 110 30

159 183 278 216 casua
301 190 530 226 expugnasse.
577 179 634 216 Ex
655 190 726 226 quo
749 178 899 226 intelligi
931 181 1048 226 potest
1073 162 1269 218 Diodorum
1299 189 1377 217 om-

159 242 223 279 nia
245 242 445 286 invertisse,
474 253 584 291 quum
615 242 687 278 iam
717 241 764 278 ab
787 239 906 278 initio
917 253 1057 289 pugnae
1079 241 1207 279 Graeci
1228 240 1376 287 seiuncti

159 305 278 340 essent
299 306 336 340 et
349 313 471 350 pugna
485 302 552 340 sub
567 302 751 341 moenibus
766 302 965 340 Thebarum
988 305 1068 340 orta
1089 302 1196 350 plane
1217 301 1303 341 ficta
1314 302 1374 345 sit

253 364 440 401 Persarum
465 364 619 401 ducenta
641 365 824 412 sexaginta
846 364 946 402 milia
964 364 1152 402 interfecta
1172 376 1249 403 esse
1272 363 1377 407 affisrt

158 425 383 470 Plutarchus,
407 436 518 475 quum
540 437 585 463 ex
597 426 764 464 trecentis
786 426 928 464 milibus
951 426 1102 464 militum
1124 429 1265 466 tautum
1287 437 1377 474 qua·
1456 427 1458 429 ’

158 488 325 534 draginta
347 487 446 524 milia
469 487 630 535 effugisse
660 493 790 525 narret.
840 489 996 532 Quocum
1025 499 1171 525 numero
1202 488 1377 526 consentit

158 548 231 586 fere
268 548 485 595 Herodotus,
525 561 634 597 quum
669 550 823 598 exceptis
862 549 934 588 illis
966 550 1203 598 quadraginta
1232 549 1375 601 milibus

157 611 312 648 vixtria
335 611 433 649 milia
457 615 596 659 servata
619 624 694 649 esse
717 615 841 649 auctor
865 613 921 649 sit.
968 612 1145 650 Diodorus
1161 623 1272 658 quum
1292 623 1376 653 nar-

158 677 214 710 ret
236 677 379 711 centum
401 674 500 712 milia
521 674 709 712 Persarum
741 677 778 711 et
800 673 921 711 decem
953 674 1052 711 milia
1075 669 1290 720 Graecorum
1319 674 1376 712 in-

158 735 306 774 teriecta
320 748 407 782 esse,
430 736 568 775 diverso
584 736 683 774 fonte
705 748 744 774 se
760 748 863 773 usum
880 748 955 774 esse
970 737 1197 774 demonstrat.
1242 736 1376 781 Quam-

158 810 265 845 quam
289 800 383 836 enim
406 801 544 837 numeri
572 799 710 846 saepius
743 801 1005 836 commutantur
1037 790 1152 845 neque
1170 798 1375 847 quidquam

158 860 421 906 demonstrant,
444 864 564 899 tamen
587 860 665 898 fieri
680 872 754 898 nou
776 863 907 907 potest,
931 864 973 897 ut
996 860 1064 898 hoc
1087 859 1271 897 loco-falsi
1292 861 1375 904 sint,

158 935 266 971 quum
301 924 433 971 optime
462 924 556 961 inter
587 935 625 960 se
658 923 858 970 oppositum
892 923 940 959 sit
968 922 1005 959 id
1042 922 1138 969 quod
1171 921 1299 962 Persae
1339 925 1375 960 et

158 985 286 1023 Graeci
309 987 500 1024 amiserint.
549 986 703 1025 Graecos
732 989 852 1024 autem
874 985 971 1023 mille
993 986 1376 1033 trecentos-sexaginta

157 1047 316 1084 amisisse
346 1044 559 1086 Plutarchus
596 1051 720 1085 narrat
749 1051 857 1094 atque
887 1051 1014 1085 testem
1046 1047 1150 1086 affert
1179 1047 1375 1085 Clidemum

157 1111 272 1149 virum
296 1110 555 1155 doctissimum,
579 1122 685 1157 quem
708 1110 889 1148 Atthidem
912 1110 1094 1158 scripsisse
1117 1111 1256 1148 scimus.
1305 1109 1375 1148 Sed

158 1171 389 1208 Plutarchum
411 1172 528 1219 ipsum
543 1171 619 1208 hoc
642 1182 745 1208 usum
768 1182 844 1208 esse
868 1172 947 1218 quis
972 1174 1026 1209 est
1048 1172 1110 1218 qui
1131 1174 1243 1219 putet,
1265 1183 1374 1218 quum

158 1232 272 1271 multo
294 1234 406 1282 magis
430 1233 581 1281 quadret
603 1233 651 1271 ad
673 1245 783 1281 genus
807 1234 984 1272 scribendi
1009 1234 1206 1280 Plutarchi,
1237 1233 1333 1280 quod
1355 1245 1375 1270 e

159 1295 257 1332 fonte
279 1306 344 1332 suo
367 1296 462 1333 hunc
486 1296 604 1333 locum
625 1295 891 1343 deprompserit.

254 1355 388 1394 Eodem
400 1357 491 1394 sloco
514 1360 653 1403 narrat,
679 1369 788 1405 quum
807 1369 927 1396 omnes
951 1358 1196 1403 Athenienses,
1225 1358 1288 1404 qui
1309 1369 1376 1405 pro

160 1420 277 1466 patria
316 1420 447 1457 mortui
486 1423 621 1464 essent,
642 1415 678 1456 'e
717 1420 826 1468 phyla
869 1421 1039 1458 Aeantica
1077 1421 1243 1465 fuissent,
1282 1420 1376 1458 hano

161 1479 392 1527 Sphragiticis
415 1480 580 1528 nymphis
603 1479 814 1518 sacrificium
841 1481 888 1518 ab
913 1481 1057 1518 oraculo
1078 1480 1211 1518 iussum
1235 1483 1377 1528 sumptu

160 1542 303 1590 publico
326 1542 466 1587 fecisse,
489 1547 598 1591 atque
619 1555 729 1591 quum
752 1545 969 1590 quaerimus,
993 1555 1084 1591 quae
1108 1544 1179 1581 sint
1201 1543 1377 1591 nymphae

161 1608 197 1640 et
220 1605 317 1652 quod
333 1606 514 1643 oraculum
534 1606 602 1643 hoc
618 1606 769 1651 iusserit,
795 1606 949 1644 occurrit
964 1606 1067 1644 nobis
1083 1605 1265 1643 oraculum
1287 1604 1377 1644 illud

161 1678 238 1714 cap.
264 1668 325 1712 XI,
349 1680 420 1715 quo
444 1668 571 1706 Graeci
593 1669 680 1706 iussi
703 1673 786 1706 sunt
809 1669 974 1717 nymphis
993 1665 1076 1714 illis,
1098 1672 1140 1707 ut
1154 1669 1278 1707 Persas
1301 1669 1378 1706 vin-

162 1733 292 1772 cerent,
317 1730 533 1776 supplicare,
557 1734 608 1774 ut,
633 1742 741 1776 quum
765 1731 940 1778 nymphae
963 1730 1106 1767 eaedem
1122 1731 1193 1767 sint
1207 1734 1244 1768 et
1257 1729 1378 1768 finitus

161 1791 331 1829 articulus
354 1793 535 1840 appositus
558 1793 625 1837 sit,
659 1792 782 1831 eadem
813 1805 888 1831 esse
912 1793 1057 1831 oracula
1088 1805 1275 1831 sumamus.
1322 1785 1378 1832 Er

161 1866 232 1901 quo
254 1854 417 1899 efficitur,
441 1859 482 1892 ut
505 1856 612 1892 etiam
626 1854 716 1892 illud
739 1859 846 1903 caput
868 1857 900 1892 ei
916 1857 1091 1903 scriptori,
1115 1868 1219 1903 quem
1238 1856 1379 1904 Plutar-

160 1917 248 1955 chus
271 1921 399 1955 testem
421 1918 489 1956 hoc
510 1918 590 1955 loco
605 1917 720 1963 affert,
744 1918 942 1956 tribuamus
965 1922 1001 1956 et
1015 1918 1054 1956 id
1070 1919 1164 1967 quod
1179 1920 1379 1970 putavimus

160 1992 180 2017 e
205 1980 302 2016 fonte
330 1979 496 2017 Boeotico
519 1980 609 2017 illud
632 1979 774 2017 fluxisse
806 1980 938 2018 falsum
969 1981 1025 2018 sit.
1073 1981 1143 2018 Sed
1160 1981 1379 2021 oraculainu

160 2042 300 2079 diversa
333 2054 409 2079 esse
441 2042 627 2079 contendo.
683 2042 839 2079 Primum
871 2043 966 2080 enim
994 2042 1121 2080 Graeci
1151 2056 1228 2091 cap.
1252 2043 1304 2082 XI
1325 2044 1380 2082 in·

160 2103 289 2140 beutur
312 2103 475 2150 nymphis
498 2114 572 2139 non
594 2102 793 2139 sacrificare
817 2103 879 2139 sed
904 2103 1102 2150 supplicare
1114 2119 1124 2148 ;
1147 2108 1224 2141 tum
1247 2105 1278 2142 si
1300 2116 1380 2144 eae

162 2163 319 2201 Clidemo
342 2162 485 2201 fluxisse
508 2167 758 2209 statueremus,
781 2168 980 2212 temporum
1003 2169 1040 2202 et
1061 2177 1189 2203 rerum-
1202 2168 1380 2214 gestarum

162 2234 300 2260 errores
323 2225 355 2260 ei
378 2224 557 2262 tribuendi
572 2230 689 2262 essent
713 2238 827 2272 neque
852 2238 961 2272 quum
983 2227 1052 2263 hoc
1075 2227 1155 2263 loco
1169 2225 1381 2267 Plutarchus

164 2286 324 2324 Olidemo
354 2287 431 2334 ipso
455 2299 528 2325 non
550 2300 634 2326 usus
658 2289 720 2333 sit,
753 2289 817 2326 illo
841 2289 957 2337 capite
980 2290 1048 2327 hoc
1071 2289 1195 2327 fecisse
1216 2291 1382 2338 potuerit,
