1520 2520
736 117 758 152 9

136 228 259 261 carent
281 225 319 260 in
343 225 393 261 eis
417 225 558 271 studiis,
588 236 679 271 quae
702 224 748 260 ad
772 223 956 260 historiam
979 223 1179 259 litterarum
1203 226 1239 259 et
1261 223 1355 259 anti-

135 285 288 333 quitates
312 286 553 332 pertinebant,
587 277 648 322 sed
680 286 788 322 etiam
811 285 849 321 in
873 286 953 322 vitis
976 285 1132 322 virorum
1162 285 1353 321 illustrium

135 349 401 395 componendis,
427 349 556 385 sactum
582 352 645 391 est,
669 352 709 383 ιιι
731 348 863 384 talibus
886 348 992 384 rebus
1015 347 1222 394 colligendis
1239 347 1354 383 delec-

133 413 295 448 tarentur
317 411 384 448 viri
407 411 509 448 docti.
558 411 673 457 Atque
697 422 817 447 eorum
843 414 896 447 est
919 422 1056 447 summa
1072 410 1254 456 diligentia
1278 422 1353 446 om-

133 472 195 509 nia
217 473 422 519 conquirere
445 476 481 508 et
504 473 606 518 quasi
629 484 837 508 coacervare
860 475 897 507 et
927 472 1035 507 nimio
1067 471 1208 517 quidem
1235 470 1352 506 studio

133 534 302 571 mirarum
326 538 362 571 et
384 546 552 571 novarum
577 546 711 578 rerum,
735 546 884 580 quarum
901 534 1033 570 multae
1053 525 1197 580 'quidem
1223 546 1245 569 a
1261 533 1351 569 veri-

132 598 207 631 tate
235 607 378 641 prorsus
410 596 616 638 abhorrent,
655 599 695 630 ut
726 607 785 630 ars
818 595 941 630 critica
972 607 1092 630 eorum
1125 606 1197 631 non
1230 594 1349 640 magni

132 656 352 704 aestimanda
377 656 432 692 sit.
481 655 558 691 Huc
582 655 734 698 accedit,
759 655 852 700 quod
879 655 1016 701 saepius
1039 667 1062 690 a
1081 655 1260 702 proposito
1285 667 1348 691 suo

132 717 271 764 longius
309 717 551 763 digrediuntur
586 719 622 752 et
657 716 807 752 maxime
843 716 950 752 vitam
990 716 1162 762 privatam
1195 716 1349 752 virorum

132 777 335 814 describunt
357 781 458 813 tanto
483 778 599 813 studio
611 806 620 820 ‚
645 781 685 813 ut
708 789 751 813 ea
771 789 861 822 quae
877 777 1073 813 attulerunt
1087 777 1348 813 accuratissime

131 838 358 875 diiudicanda
381 839 462 875 sint.
512 839 608 882 Quae
633 840 751 875 omnia
775 839 906 875 cadunt
929 839 967 874 in
991 850 1068 882 eos,
1093 849 1181 884 quos
1207 838 1348 875 Plutar-

130 901 218 938 chus
242 901 410 937 nominat.
460 901 548 937 Nam
583 901 655 937 fere
688 914 807 937 omnes
840 905 956 937 sectae
981 901 1234 947 Peripateticae
1266 904 1349 936 sunt

130 966 166 998 et
199 962 443 999 demonstrant
484 967 584 998 tanto
616 964 727 1009 magis
751 963 788 998 in
813 963 1008 999 litterarum
1033 963 1158 998 studiis
1192 966 1348 999 versatos

130 1035 167 1060 se
198 1035 291 1067 esse,
322 1027 456 1070 quanto
488 1024 624 1071 longius
657 1036 679 1060 a
714 1025 866 1071 gerenda
901 1037 939 1061 re
972 1024 1114 1070 publica
1145 1025 1344 1061 abfuerunt.

129 1087 219 1123 Miro
244 1087 394 1133 quodam
421 1087 525 1123 modo
549 1099 640 1132 quae
663 1087 732 1123 fide
762 1087 907 1133 indigna
931 1090 1014 1123 sunt
1046 1099 1161 1133 neque
1191 1099 1346 1133 unquam

128 1149 223 1185 facta
246 1161 321 1185 esse
345 1152 508 1194 possunt,
534 1161 614 1184 cum
638 1149 688 1184 eis
713 1149 824 1184 mixta
847 1152 945 1191 sunt,
981 1160 1072 1194 quae
1097 1149 1230 1194 optima
1254 1153 1346 1191 sunt,

129 1215 168 1247 ut
191 1223 263 1247 non
286 1211 540 1256 intelligamus,
566 1210 650 1256 quid
675 1212 740 1254 sit,
766 1211 860 1256 quod
885 1211 1076 1246 doctissimi
1092 1211 1159 1247 viri
1182 1214 1255 1247 tam
1279 1212 1347 1247 fal-

127 1285 185 1310 sas
209 1285 266 1310 res
290 1273 558 1320 composuerint.
610 1272 678 1309 Sed
695 1284 830 1318 semper
845 1273 1036 1309 tenendum
1062 1277 1116 1309 est
1139 1285 1198 1309 eos
1215 1285 1343 1319 magno

125 1335 292 1381 temporis
317 1334 431 1380 spatio
455 1334 637 1369 interiecto
661 1345 683 1368 a
708 1333 812 1368 rebus
836 1334 942 1379 gestis
973 1333 1127 1369 abfuisse
1156 1345 1269 1379 neque
1305 1335 1342 1370 in

125 1395 245 1432 liberis
260 1395 366 1432 rebus
381 1387 531 1441 publicis
548 1394 609 1430 sed
625 1394 742 1440 regnis
765 1394 902 1436 vixisse,
928 1397 967 1445 ut
983 1394 1144 1430 inetituta
1169 1395 1341 1431 maiorum

125 1469 196 1494 non
222 1458 308 1493 satis
330 1457 576 1503 intelligerent.
626 1457 740 1502 Atque
762 1456 849 1493 haec
871 1456 987 1493 studia
1004 1457 1141 1494 duobus
1156 1458 1342 1504 postremis

125 1519 273 1556 saeculis
289 1522 372 1556 ante
388 1519 565 1557 Christum
578 1523 700 1555 natum
713 1520 864 1555 maxime
876 1519 1083 1556 colebantur
1095 1519 1340 1556 Alexandriae.

123 1582 214 1617 Nam
237 1581 287 1617 ibi
309 1593 381 1616 non
406 1581 518 1616 solum
543 1581 684 1616 illorum
709 1580 811 1616 multi
835 1582 998 1617 vivebant
1032 1582 1092 1617 sed
1121 1583 1227 1618 etiam
1251 1583 1340 1618 alios

121 1642 173 1679 ita
195 1645 333 1688 tempus
349 1642 604 1688 consumpsisse
620 1643 757 1678 scimus.
808 1642 905 1685 Quae
922 1654 1030 1688 quum
1053 1643 1105 1679 ita
1126 1644 1208 1687 sint,
1232 1644 1340 1680 talem

125 1705 399 1741 Alexandrinum
438 1706 642 1749 scriptorem
674 1716 697 1739 a
729 1704 919 1740 Plutarcho
952 1716 1134 1740 excussum
1169 1717 1244 1741 esse
1274 1718 1338 1751 pro

122 1769 218 1802 certo
242 1767 378 1808 etatuo,
402 1776 515 1811 neque
539 1777 639 1808 vero,
664 1769 704 1801 ut
727 1766 798 1801 iam
823 1777 931 1812 supra
955 1766 1046 1810 dixi,
1079 1767 1158 1813 quis
1183 1768 1230 1804 sit
1253 1768 1337 1811 scic,

121 1840 229 1875 quum
253 1831 391 1864 tantum
415 1829 557 1864 nomina
582 1840 719 1871 eorum,
744 1828 803 1873 qui
827 1831 907 1872 post
930 1828 1135 1865 Panaetium
1165 1830 1338 1873 vivebant,

120 1890 252 1928 tradita
275 1889 377 1926 nobis
403 1890 482 1925 sint.

215 1952 379 1988 Fortasse
405 1951 517 1987 eidem
542 1951 631 1987 fonti
655 1950 878 1986 tribuendum
895 1954 949 1986 est
964 1962 1041 1996 cap.
1060 1950 1168 1986 XXII.
1216 1951 1338 1998 Neque

120 2013 212 2051 enim
237 2024 316 2050 cum
341 2013 408 2056 eis,
433 2024 524 2059 quae
549 2011 761 2049 antecedunt
784 2022 897 2058 neque
920 2023 1010 2058 quae
1035 2014 1247 2058 sequuntur,
1278 2025 1338 2050 co-

119 2074 250 2110 haeret.
300 2074 340 2109 Id
365 2077 498 2116 autem,
523 2073 619 2119 quod
643 2074 814 2116 continet,
839 2073 1001 2126 initio-et
1023 2073 1087 2109 fini
1110 2074 1205 2110 vitae
1229 2075 1337 2111 simil-

118 2134 240 2171 limum
264 2137 326 2170 est.
375 2134 507 2171 Narrat
530 2135 641 2178 enim,
667 2146 738 2181 qua
761 2134 838 2181 lege
855 2133 1025 2171 Aristides
1049 2134 1211 2172 omnibus
1229 2136 1337 2173 Athe-

118 2197 297 2234 niensibus
320 2197 455 2233 aditum
479 2197 525 2232 ad
556 2209 675 2233 omnes
705 2197 931 2243 magistratus
954 2197 1160 2243 patefecerit
1190 2202 1226 2235 et
1249 2210 1336 2245 quo·

117 2258 223 2296 modo
238 2257 482 2295 Themistoclis
498 2258 681 2295 consilium
707 2258 828 2295 classis
846 2258 1062 2295 Graecorum
1077 2259 1336 2297 comburendae

115 2321 322 2368 immditum
346 2321 401 2356 sit.
448 2320 542 2372 Illud
567 2333 588 2356 a
612 2321 737 2356 ceteris
760 2333 876 2356 rerum
900 2322 1131 2367 scriptoribus
1152 2334 1224 2357 non
1240 2334 1334 2359 com-
