1520 2520
692 104 736 139 19

106 200 353 255 σπη’ᾱιιοοω,
389 211 448 249 cui
477 211 569 248 ratio
598 222 672 247 non
694 209 875 249 reddenda
905 213 1014 254 esset,
1055 213 1213 247 creatum
1244 221 1320 247 esse

106 275 144 310 et
164 271 463 310 statiinPlataeas
485 271 605 319 copias
627 271 767 309 duxisse
789 270 909 318 ibique
932 282 1012 309 cum
1035 270 1320 314 Lacedaemoniis

104 334 277 379 iunxisse,
297 334 341 371 ‘id
364 333 461 380 quod
483 336 628 380 propter
655 327 817 379 ingentes
839 332 958 380 copias
981 332 1168 371 Persarum
1189 332 1321 369 fa'lsum

105 388 186 437 esse
196 396 418 443 perspicuum
435 398 503 431 est.¹
545 394 722 432 Diodorus
737 393 806 432 hoc
820 393 926 440 plane
943 394 1082 432 omittit.
1121 393 1320 433 Herodotus

105 456 173 503 lx,
198 458 243 494 19
268 460 393 495 narret
415 457 607 495 exercitum
630 468 653 493 a
676 455 853 494 Salamine
873 456 1053 495 traiecisse
1075 459 1112 494 et
1130 460 1318 503 postqiiam

105 532 152 558 se>
173 532 255 558 cum
278 519 564 559 Lacedaemoniis
588 518 754 556 Eleusine
783 518 1041 563 coniunxisset,
1071 519 1111 555 in
1136 519 1318 556 Boeotiam

104 582 301 630 p‘rofectum
324 594 410 623 esse.
446 582 500 629 *Id
524 584 643 619 autem
670 580 765 627 quod
788 580 833 617 de
848 580 964 617 Persis
987 580 1091 618 affert
1120 581 1210 618 bene
1235 593 1320 618 con-

106 646 213 684 sentit
235 657 316 683 cum
336 634 547 687 Plutarcho,
571 644 786 689 quamquam
808 642 920 680 multo
943 642 1082 680 brevius
1106 646 1178 688 est,
1204 656 1319 691 neque

104 718 187 746 vero
209 706 284 744 ullo
314 705 420 743 modo
445 716 526 742 cum
550 704 721 748 Diodoro,
753 704 882 751 quippe
914 705 976 750 qui
998 705 1220 743 Mardonium
1244 718 1320 743 cer-

103 768 230 809 tiorem
259 767 394 805 factum
431 766 476 805 de
514 765 668 803 adventu
707 764 920 804 Graecorum
961 766 1099 805 Thebas
1137 768 1319 815 reliquisse

87 833 236 881 ›narret-
283 829 466 869 Tantum
455 841 493 866 ιιι
515 840 558 866 eo
582 819 806 866 consentiunt
834 829 926 867 inter
956 841 1012 874 se,
1052 831 1148 877 quod
1178 832 1319 878 utrique

104 894 378 932 commemorant
416 889 639 929 Mardonium
674 889 722 927 ad
751 891 907 938 Asopum
940 890 1070 931 flumen
1106 897 1223 932 castra
1254 906 1319 941 po-

103 952 233 997 suisse,
270 964 386 1000 neque
407 963 490 989 vero
513 951 582 988 hoc
603 951 696 988 tanti
719 952 886 989 momenti
913 956 984 997 est,
1024 956 1066 991 ιιι
1088 943 1319 994 Plutarchum

103 1015 251 1055 eundem
275 1015 483 1063 scriptorem
506 1014 697 1052 excussisse
727 1025 904 1052 sumamus
928 1027 972 1052 ac
994 1016 1212 1055 Diodorum.
1249 1018 1319 1057 Sed

103 1089 212 1123 quum
235 1089 279 1114 ea
301 1089 393 1124 quae
415 1077 632 1123 praecedunt
654 1079 690 1113 et
712 1076 759 1112 ab
782 1076 850 1113 hoc
873 1076 1072 1124 discrepent
1095 1083 1132 1116 et
1154 1091 1235 1117 cum
1248 1080 1319 1117 He-

101 1138 226 1179 rodoto
262 1140 500 1183 consentiant,
540 1142 647 1185 atque
690 1139 890 1176 coniunctio
934 1151 1021 1177 cum*
1053 1142 1103 1178 eis
1143 1153 1234 1188 quae
1275 1155 1319 1180 ex

101 1201 247 1249 Ephoro
269 1201 447 1239 fluxerunt
462 1201 579 1238 soluta
600 1201 660 1243 sit,
686 1200 875 1238 videndum
897 1206 962 1246 est,
985 1214 1102 1241 nonne
1125 1204 1197 1241 alio
1220 1205 1318 1242 fonte

104 1262 189 1302 usus
211 1265 259 1302 sit
280 1264 500 1302 Plutarchus.
548 1263 650 1307 Quod
678 1274 806 1309 quam
817 1274 897 1301 vere
927 1265 974 1301 sit
1004 1264 1155 1311 dictum,
1193 1270 1318 1313 postea

104 1325 307 1364 accuratius
325 1321 535 1372 quaeramus
558 1336 699 1362 necesse
722 1328 786 1361 est.

199 1386 385 1434 Reliquum
418 1389 527 1434 caput
569 1386 738 1424 eiusmodi
778 1385 869 1423 fonti
904 1352 1041 1431 tribuo,
1080 1388 1142 1434 qui
1184 1388 1231 1426 ab
1269 1389 1320 1426 eis

58 1439 61 1442 ¹
105 1449 349 1496 scriptoribus,
374 1449 502 1495 quibus
525 1449 755 1486 Plutarchum
778 1460 886 1496 supra
908 1461 1010 1486 usum
1033 1462 1109 1487 esse
1127 1452 1319 1497 posuimus,

105 1510 208 1557 longe
231 1510 388 1548 diversus
410 1511 472 1554 sit,
496 1510 681 1554 Boeotico,
717 1510 876 1556 quamvis
905 1511 1019 1557 primo
1049 1512 1151 1557 quasi
1173 1516 1319 1559 aspectu

105 1571 232 1609 mirum
263 1571 319 1608 sit.
374 1571 475 1616 Quod
511 1583 619 1618 quum
654 1583 768 1618 neque
803 1571 850 1608 ab
881 1571 1061 1609 Herodoto
1096 1575 1132 1616 et
1162 1572 1320 1611 Diodoro

104 1636 269 1673 narretur
292 1634 517 1672 etnonnulh's
533 1634 620 1672 locis
643 1638 829 1682 repugnet,
852 1634 899 1672 ab
922 1635 979 1672 his
994 1630 1066 1672 non
1089 1635 1318 1674 derivandum

105 1699 169 1734 est.
216 1693 392 1734 Narratur
421 1697 516 1734 enim
546 1696 693 1734 Aristidi
724 1696 906 1739 oraculum
936 1696 1083 1743 Delphis
1121 1699 1319 1746 contigisse,

105 1770 177 1805 quo
199 1758 314 1798 iussus
331 1762 432 1803 esset,
456 1761 497 1795 ut
511 1759 677 1803 vinceret,
699 1759 821 1796 multis
843 1758 918 1797 deis
942 1763 979 1796 et
995 1759 1160 1797 heroibus
1176 1760 1318 1798 Platae-

106 1821 241 1858 ensium
264 1821 461 1859 sacrificare
485 1824 520 1858 et
543 1833 607 1859 suo
630 1813 716 1868 agro
740 1822 777 1858 in
798 1821 945 1868 planitie
965 1821 1164 1859 Eleusiniae
1181 1822 1317 1859 Cereris

106 1885 143 1921 et
172 1882 402 1930 Proserpinae
432 1895 512 1920 cum
547 1883 706 1920 hostibus
737 1894 904 1930 pugnare.
959 1882 1036 1927 Quo
1075 1894 1184 1929 quum
1220 1884 1318 1921 iussu

105 1943 237 1985 bellum
266 1956 388 1983 rursus
419 1946 458 1982 in
488 1945 643 1983 Atticam
674 1944 943 1989 transferretur,
982 1947 1091 1986 noctu
1119 1944 1236 1982 Iovem
1269 1946 1317 1983 ad

105 2008 342 2047 Arimnsstum
365 2008 490 2046 ducem
514 2008 772 2055 Plataeensium
800 2008 839 2044 in
864 2007 996 2044 somnis
1018 2007 1154 2043 venisse
1177 2010 1213 2045 et
1236 2019 1318 2044 sua-

105 2071 208 2115 fisse,
232 2082 278 2108 ne
295 2070 368 2110 hoc
383 2070 534 2115 faceret,
557 2081 665 2117 quum
687 2069 870 2107 oraculum
887 2068 1050 2107 Plataeas
1075 2067 1316 2115 significasset.

107 2134 176 2178 Qui
207 2144 317 2179 quum
349 2144 373 2169 a
409 2133 652 2172 vetustissimis
681 2132 881 2170 hominibus
915 2131 1043 2167 certior
1076 2130 1193 2167 factus
1226 2135 1319 2168 esset

105 2195 153 2234 sd
174 2195 302 2242 Hysias
323 2194 495 2241 templum
515 2194 660 2233 illamm
682 2193 829 2232 dearum
857 2192 961 2229 sitam
987 2202 1085 2235 esse,
1126 2191 1317 2231 Aristidem

105 2257 177 2299 huc
193 2255 537 2296 exercitumduxisse
559 2258 596 2292 et
609 2266 655 2291 ne
675 2254 761 2301 quid
777 2254 923 2298 deesset,
946 2252 1170 2303 Flamenses
1192 2266 1317 2301 agrum

106 2317 380 2362 Atheniensibus
399 2317 547 2356 dedisse.
596 2317 752 2355 Primum
771 2317 909 2364 insigne
923 2320 994 2361 est,
1018 2316 1113 2363 quod
1136 2317 1318 2357 oraculum

1045 2385 1083 2414 2*
