1520 2520
215 586 364 623 Constat
386 588 479 624 inter
496 600 632 632 omnes,
659 591 782 634 quanti
806 590 852 626 sit
875 592 1043 627 momenti
1064 592 1110 628 ad
1127 604 1340 639 cognoscen-

118 647 199 684 dam
224 648 329 685 fidem
355 653 390 685 et
414 651 659 687 auctoritatem
684 663 803 687 earum
829 664 963 695 rerum,
988 665 1079 698 quae
1101 665 1125 689 a
1145 654 1337 690 Plutarcho

116 714 316 753 narrantur,
341 712 435 756 quod
463 713 607 754 scimus,
633 724 676 748 ex
702 724 855 758 quonam
879 714 976 750 fonte
998 714 1173 751 fluxerint.
1221 716 1337 757 Quare

116 771 222 817 quum
248 784 362 818 neque
384 773 433 816 ei,
468 774 527 819 qui
552 774 621 809 iam
646 777 753 810 antea
776 774 820 810 de
848 775 1009 811 Aristidis
1033 775 1234 813 Plutarchei
1257 777 1336 813 fon*

113 834 208 871 tibus
232 836 458 880 quaesierunt
481 839 528 879 1),
563 837 680 872 omnia
705 837 791 872 satis
815 838 1071 883 exposuissent,
1108 850 1199 884 quae
1228 840 1333 875 etiam

113 906 207 930 nunc
231 894 449 940 sufficerent,
484 900 520 932 et
545 898 749 943 opusculum
776 898 879 934 amici
911 899 979 934 mei
1003 898 1176 935 Albracht
1193 901 1225 946 ²)
1250 911 1332 946 sup-

111 957 209 1003 plere
233 958 375 1002 vellem,
416 960 499 1004 quia
524 959 592 995 hae
616 960 706 995 duae
738 961 830 996 vitae
856 961 973 996 omnia
1002 962 1200 1004 continent,
1242 973 1331 1006 quae

112 1019 321 1055 Plutarchus
354 1020 397 1055 de
432 1020 525 1056 bello
563 1032 585 1055 a
621 1021 735 1056 Xerxe
771 1033 850 1056 cum
884 1022 1027 1057 Graecis
1061 1025 1160 1067 gesto
1197 1026 1330 1065 narrat,

109 1078 185 1115 iure
210 1081 265 1115 me‘
287 1080 324 1115 id
349 1080 472 1117 fecisse
495 1085 601 1127 puto,
633 1085 673 1117 nt
705 1081 786 1118 huic
817 1082 1023 1118 rei-iterum
1057 1084 1329 1128 pertractandae

113 1151 256 1186 operam
270 1142 400 1177 darem.
443 1146 559 1188 Atque
575 1144 621 1179 ad
636 1144 807 1179 eruendos
822 1144 887 1179 hos
904 1145 1018 1180 fontes
1034 1145 1072 1180 in
1089 1145 1211 1190 primis
1228 1146 1330 1181 nobis

110 1203 339 1248 comparandi
373 1208 455 1239 sunt
483 1204 702 1257 Herodotus,
740 1206 978 1252 Thucydides,
1016 1200 1204 1250 Diodorus,
1237 1219 1328 1253 quae

107 1253 301 1300 ceterorum
318 1265 564 1301 historicorum
582 1266 779 1312 fragmenta
797 1270 934 1303 servata
950 1270 1041 1302 sunt.
1075 1266 1195 1312 Neque
1211 1268 1326 1303 minor

105 1328 157 1363 vis
180 1327 367 1363 tribuenda
391 1331 445 1363 est
468 1328 589 1364 libello
613 1329 667 1364 illi
697 1329 894 1371 Plutarchi,
928 1328 989 1373 qui
1022 1326 1109 1375 περὶ
1129 1325 1326 1376 εΗροδότου

105 1386 327 1436 κακοηθείας
349 1389 561 1425 inscribitur.
610 1389 678 1432 Qui
703 1389 877 1434 quomodo
900 1388 1090 1424 adhibendi
1107 1390 1188 1433 sint,
1214 1401 1325 1435 quum

104 1450 235 1496 optime
257 1450 572 1502 demonstraverint
597 1462 735 1495 omnes,
772 1451 833 1496 qui
863 1453 946 1487 ante
979 1463 1035 1487 me
1068 1451 1112 1487 de
1142 1451 1324 1489 Plutarchi

100 1514 166 1547 aut
193 1511 336 1547 Diodori
358 1511 515 1548 fontibus
538 1513 781 1558 quaesierunt,
810 1524 854 1548 ne
879 1512 1005 1558 longus
1028 1512 1094 1548 sim
1119 1513 1157 1548 in
1183 1525 1324 1558 enumef

102 1574 223 1610 randis
247 1576 283 1609 et
308 1562 507 1619 repetendis
531 1575 592 1617 eis,
617 1586 706 1619 quae
730 1574 782 1610 illi
807 1574 1011 1617 statuerint,
1039 1574 1104 1610 hos
1129 1575 1323 1610 ostendisse

101 1635 188 1673 mihi
211 1635 374 1672 sufficiat.
423 1636 496 1672 Iam
522 1636 570 1673 ad
592 1648 667 1672 rem
691 1636 803 1682 ipsam
828 1634 1044 1671 accedamus.

85 1703 87 1705 ’
197 1698 246 1734 Ut
269 1699 342 1734 fere
365 1699 402 1734 in
425 1699 586 1734 omnibus
608 1700 689 1749 vitis
712 1699 764 1734 ita
787 1698 892 1733 etiam
905 1698 943 1733 in
959 1701 1082 1733 nostra
1100 1698 1320 1740 Plutarchus,

100 1773 208 1808 quum
233 1772 304 1796 non
329 1760 434 1796 modo
459 1761 613 1807 legentes
636 1760 774 1797 erudire
797 1759 859 1796 sed
888 1760 995 1796 etiam
1020 1759 1183 1796 meliores
1205 1759 1321 1796 facere

99 1823 199 1865 velit,
223 1823 324 1859 initio
347 1826 383 1858 et
398 1822 467 1857 fine
484 1826 622 1858 tantum
647 1822 692 1857 de
709 1821 864 1857 moribus
883 1833 1014 1864 eorum,
1038 1833 1188 1866 quorum
1212 1822 1320 1857 vitam

99 1884 281 1927 describit,
306 1884 473 1930 loquitur.
522 1886 574 1919 Ac
599 1895 675 1929 cap.
702 1883 719 1918 I
745 1883 890 1930 exponit
914 1883 1084 1929 originem
1109 1886 1145 1919 et
1168 1894 1320 1929 pauper-

97 1951 226 1991 tatem,
257 1947 291 1983 Π
316 1946 606 1983 obtrectationem
631 1958 710 1981 eum
734 1945 967 1981 Themistocle
998 1946 1148 1988 factam,
1178 1945 1230 1981 111
1255 1958 1319 1991 pa-

95 2009 185 2045 triae
218 2019 382 2054 magnum
415 2019 587 2050 amorem,
627 2007 676 2043 IV
710 2008 879 2044 iustitiam
916 2010 952 2043 et
982 2007 1248 2051 abstinentiam,
1287 2009 1317 2043 V

103 2133 108 2136 ·
176 2127 200 2160 ¹)
221 2126 357 2161 Haeren,
391 2125 443 2156 de.
460 2125 598 2155 fontibus
639 2128 670 2155 et
706 2125 890 2155 auctoritate
929 2124 1061 2153 vitarum
1098 2125 1315 2162 parallelorum

95 2177 252 2209 Plutarchi
263 2177 535 2208 commentationes
549 2177 615 2215 1v.;
637 2178 819 2216 Gottingae,
844 2178 927 2207 1820.
943 2192 979 2198 —
999 2175 1099 2214 Haug,
1119 2176 1170 2207 die
1190 2177 1316 2215 Quellen

91 2231 253 2263 Plutarcho
280 2230 314 2261 in
345 2231 405 2261 den
433 2231 818 2270 Lebensbeschreibungen
854 2232 909 2261 der
947 2230 1111 2268 Grieohen3
1146 2231 1315 2271 hibingen,

95 2286 180 2316 1854.
200 2300 238 2307 -
258 2284 414 2321 Simonis,v
428 2285 565 2315 Vorrede
584 2295 622 2314 zu
641 2285 742 2315 seiner
765 2284 924 2323 Ausgnbe3
944 2283 1063 2320 Berlin,
1087 2284 1170 2313 1870.

169 2339 192 2377 ²)
212 2337 372 2377 Albi-aoht,
392 2328 431 2369 de
443 2338 657 2369 Themistoclis
673 2338 849 2369 Plutarchei
865 2338 1017 2376 fontibus3
1038 2337 1212 2377 Gottingae,
1229 2341 1311 2369 1373.
