1520 2520
744 118 790 155 27

257 226 312 265 Ea
327 237 418 275 quae
433 239 510 275 cap.
527 228 627 266 XVII
640 231 832 266 narrantur
855 239 936 265 cum
959 228 1033 267 vita
1047 224 1223 273 Aristidis,
1244 227 1375 275 quippe

162 289 225 336 ‘qui
238 298 291 326 ne
313 290 514 328 nominetur
529 290 683 337 quidem,
706 302 779 328 non
794 291 983 338 coniuncta
998 294 1097 336 sunt,
1121 290 1187 336 sed>
1198 301 1222 327 a
1236 291 1376 327 Plutar-

120 385 124 388 .
161 348 232 389 cho
254 352 461 398 traduntur,
500 364 610 400 quum
639 356 720 391 eum
750 350 1015 393 delectaverint
1056 352 1149 391 Nam
1175 349 1260 390 illae
1284 352 1376 389 duae

101 409 104 413 ’
162 414 448 452 narratiunculae
470 416 645 452 maiorem·
663 418 800 461 partem
823 415 949 462 capitis
982 413 1154 459 efficiunt,-
1187 417 1229 450 ut
1257 416 1376 451 cetera

120 517 123 519 ,
162 474 404 512 obscurentur.
458 475 528 513 Sed
559 477 679 513 omnia
702 476 824 513 eodem
853 475 975 513 ordine
1002 478 1235 523 exponuntur.
1282 475 1375 512 Nam

161 549 376 585 qumquam
398 539 512 592 altera
542 539 807 576 narratiuncula
830 535 876 575 ab
900 532 1079 576 Herodoto
1109 542 1190 586 poet
1220 548 1376 586 pugnam

161 603 344 638 narratam
365 601 405 637 in
428 600 672 637 enumerandis
695 600 745 637 eis
766 600 866 644 ¹viris,
890 600 952 646 qui
977 600 1159 636 fozfissimi
1180 602 1299 644 erant,
1321 601 1376 637 af-

161 663 288 707 fertur,
323 666 442 700 tamen
478 663 614 699 ratione
648 663 816 709 temporis
852 674 933 699 cum
966 654 1157 699 Plutarcho
1188 662 1372 707 consentit,

163 735 271 771 quum
294 724 416 761 eodem
439 727 597 770 tempore
619 724 656 760 id
679 723 812 761 factum
830 735 911 760 esse
935 722 1041 760 dicat.
1090 723 1246 760 Primum
1262 734 1373 760 enun-

161 786 290 824 tiatum
311 786 436 833 capitis
459 785 565 833 plane
588 785 751 832 congruit
773 796 854 822 cum
877 796 953 832 cap.
976 785 1042 822 LII
1063 785 1244 830 Herodoti,
1265 796 1376 832 quum

115 841 118 844 ’
161 848 368 896 gravissima
390 859 548 895 quaeque
571 848 615 885 de
637 851 780 895 receptu
800 846 1015 884 Graecorum
1036 848 1075 884 in
1097 848 1259 892 insulam,
1283 859 1375 894 quae

161 907 361 956 dicebatur,
392 914 524 948 narret.
584 911 671 948 Tum
701 922 812 960 quum
852 911 1014 958 exponit,
1050 922 1160 958 quare
1202 911 1375 949 exercitus

13 964 18 969 ’
95 1002 97 1004 -
162 974 377 1012 morum
400 974 439 1011 in
460 977 539 1010 ‘tres
562 976 680 1021 partes
710 974 886 1011 seiunctus
914 974 976 1018 sit,
1005 972 1130 1021 incipit
1158 973 1204 1010 ab
1233 974 1376 1010 Amom-

161 1036 326 1083 phareto,
360 1037 563 1072 centurione
592 1035 655 1072 illo
678 1036 1043 1073 lacedaemoniorum.
1089 1035 1225 1073 Eodem
1258 1034 1375 1079 modo,

162 1098 259 1145 quod
295 1098 354 1135 hic
385 1098 492 1135 abire·
521 1098 652 1143 noluit,
690 1098 890 1136 Herodotus
920 1099 1049 1146 probat
1080 1099 1374 1137 lacedaemonios

161 1161 371 1198 remansisse
395 1163 431 1202 et
453 1161 492 1196 in
515 1164 664 1206 utroque
680 1171 817 1197 summa
839 1160 962 1197 eadem
985 1164 1055 1205 est,
1079 1155 1216 1197 etiamsi
1236 1160 1376 1196 Plutar-

162 1224 249 1260 chus
286 1221 562 1270 indignationem
597 1223 664 1259 viri
690 1222 829 1270 longius
857 1226 1020 1270 exponat.
1067 1223 1109 1259 Id
1131 1226 1250 1260 autem
1279 1222 1383 1268 quodv

160 1284 360 1323 Herodotus
383 1288 508 1322 narrat
525 1285 754 1323 Athenienses
776 1285 822 1322 ad
840 1274 1054 1322 Pausaniam
1077 1293 1285 1333 praeconem
1308 1284 1375 1321 mi-

160 1348 264 1393 sisse,
286 1352 332 1386 ut
351 1351 615 1396 cognoscerent,
641 1347 726 1395 quid
750 1344 1003 1392 cunctaretur,'
1017 1348 1148 1384 omittit
1164 1346 1376 1384 Plutarchus
1412 1369 1419 1375 ι

160 1413 269 1457 atque
289 1412 430 1447 tantum
454 1409 558 1447 affert
571 1409 673 1446 illum
690 1409 929 1452 Athenienses*
943 1410 1085 1446 iussisse
1108 1420 1146 1446 se
1171 1412 1374 1456 exspectare

159 1473 222 1511 sed
241 1472 446 1511 ‘Herodotus
469 1476 594 1510 auctor
618 1476 671 1517 est
693 1469 902 1520 praeconem
925 1472 1078 1510 eundem
1096 1471 1206 1509 fuisse
1226 1482 1268 1508 ac
1284 1483 1376 1508 nun-

160 1537 258 1573 tium.
307 1536 507 1573 Abhorrent
529 1536 636 1582 igitur
651 1536 744 1572 inter
767 1547 804 1572 se
827 1547 941 1581 neque
964 1546 1048 1571 vero
1063 1546 1181 1572 secum
1205 1537 1374 1582 pugnant.

159 1598 398 1647 Congruenter
420 1602 538 1636 autem
561 1598 765 1635 describunt
787 1598 1087 1645 perturbationem
1109 1597 1296 1639 Persarum
1325 1594 1376 1641 ὥς

159 1657 203 1697 οὗ
231 1658 347 1709 μάχης
379 1658 552 1708 ἐσομένης
581 1656 675 1695 ἀλλὰ
711 1657 909 1707 φεύγοντας
947 1655 1256 1707 ἀναρπασομένων
1289 1658 1375 1703 τοὺς

149 1719 325 1772 Ἓλληνας
348 1724 384 1759 et
406 1720 536 1758 Herod.
554 1721 616 1765 IX,
641 1720 688 1757 59
713 1717 870 1769 ἐπήϊσαν
892 1715 944 1763 ὥς
965 1715 1262 1774 α’ναριτᾳσόμενοι
1284 1719 1373 1762 τούς

149 1783 335 1834 Ἓλληνας.
381 1784 557 1821 Diodorus
581 1784 625 1821 de
640 1784 695 1820 his
711 1777 816 1820 rebus
837 1783 928 1820 nihil
951 1783 1033 1827 scit,
1057 1782 1120 1819 sed
1142 1786 1266 1820 narrat
1288 1783 1373 1819 Ari-

159 1849 285 1886 stidem
308 1851 344 1884 et
367 1847 580 1884 Pausaniam
605 1847 795 1883 exercitum
817 1846 1024 1883 instruxisse
1059 1849 1096 1882 et
1118 1845 1279 1882 hostibus
1312 1846 1373 1882 ob·

82 1912 85 1916 ’
157 1912 251 1949 viam
271 1911 386 1959 ivisse.
436 1910 533 1953 Quae
563 1910 681 1946 omnia
711 1908 796 1945 ficta
825 1912 908 1945 sunt
940 1912 976 1945 et
1005 1911 1144 1945 tantum
1175 1908 1214 1944 id
1252 1920 1374 1945 verum

158 1976 235 2018 est,
259 1972 354 2020 quod
376 1972 502 2009 Persas
533 1970 626 2019 μετὰ
655 1973 745 2020 βοῆς
766 1971 996 2009 adventantes
1020 1970 1124 2015 facit3
1155 1980 1269 2018 neque
1291 1982 1374 2008 vero

156 2037 332 2086 intelligo,
367 2047 431 2073 cur
455 2035 493 2073 id
521 2047 632 2072 unum
661 2035 829 2079 tenuerit3
867 2046 954 2071 num
984 2034 1122 2082 putavit
1149 2033 1218 2071 hoe
1248 2034 1373 2072 melius

158 2098 289 2147 opponi
319 2108 421 2145 posse
452 2109 566 2145 aequo
596 2098 715 2135 animo
754 2097 996 2144 Graecorum?
1054 2096 1143 2134 Tum
1173 2097 1374 2136 Herodotus

156 2164 193 2198 et
215 2160 426 2197 Plutarchus
448 2161 542 2197 inter
572 2172 610 2197 se
634 2160 851 2207 discrepant,
883 2160 977 2206 quod
1000 2159 1062 2196 ille
1092 2163 1217 2196 narrat
1239 2160 1373 2198 Pausa—

117 2234 119 2241 *
156 2222 252 2260 niam
274 2221 502 2259 Athenienses
525 2233 589 2269 per
610 2222 772 2258 nuntium
796 2221 937 2259 iussisse
957 2221 1150 2259 adventare
1173 2225 1282 2270 atque
1304 2223 1371 2260 hos

155 2285 300 2323 rediisse
324 2285 386 2337 sed
409 2296 517 2331 quum
540 2285 680 2322 auxiliis
703 2285 888 2322 Persarum
911 2285 1162 2330 occurrissent,
1185 2286 1371 2333 impeditos

156 2358 232 2385 esse
255 2357 316 2385 eos
337 2346 474 2392 iuvare;
499 2346 708 2384 Plutarchus
723 2344 842 2385 autem
865 2343 970 2385 affert
986 2346 1197 2386 Pausaniam
1222 2347 1370 2386 oblitum
