1520 2520
757 94 806 131 24

168 213 249 239 cum
272 199 452 251 Herodoto
480 195 556 238 fore
587 200 636 238 ad
658 200 804 238 verbum
827 200 1002 239 consentit
1024 201 1146 239 multis
1169 200 1256 240 locis
1278 203 1386 249 atque

168 263 245 305 hic,
268 265 308 298 ut
330 265 519 308 utrumque
543 273 588 298 ex
611 272 684 298 uno
701 262 871 308 scriptore
894 261 1126 309 desumpserit
1153 263 1295 300 neeesse
1325 262 1384 300 sit.

167 324 277 371 Atqui
299 324 387 361 haec
411 323 511 361 nullo
526 323 631 360 modo
655 336 700 361 ex
715 323 861 372 Ephoro
875 323 1070 361 fluxerunt..
1112 323 1226 362 Multo
1247 324 1386 363 facilius

166 386 274 432 igitur
297 389 352 422 est
375 398 512 422 sumere
527 386 758 423 Plutarchum
781 386 853 423 alio
877 386 1050 433 scriptore
1073 386 1180 422 etiam
1202 387 1262 423 hic
1284 398 1385 424 usum

166 458 242 484 esse
264 449 373 494 atque
397 447 561 495 Ephoro,
587 447 647 485 sed
671 447 751 495 quis
774 447 822 484 sit
845 450 970 495 postea
991 447 1197 485 videbimus.

259 509 436 545 Diodorus
477 521 586 555 quum
627 510 748 546 statim
782 510 830 546 ad
854 509 1069 546 narrandam
1094 521 1249 557 pugnam
1271 509 1385 558 ipsam

165 573 342 615 transeat,
383 571 414 608 si
445 583 525 608 cum
548 561 740 608 Plutarcho
772 582 1034 619 comparamus,
1056 571 1188 609 nullius
1219 572 1387 609 momenti

165 637 220 670 est
242 645 356 680 neque
378 646 444 680 pro
468 646 570 681 capp.
593 633 822 670 XVII—XIX
845 634 974 679 quibus
997 634 1056 670 hic
1077 645 1232 681 pugnam
1255 634 1386 671 descri-

164 696 234 740 bit,
258 708 303 733 ex
326 708 368 733 eo
385 696 578 743 quidquam
595 696 784 733 lucramur.
834 696 901 732 Hic
927 695 1033 743 plane
1048 698 1280 743 congruenter
1304 698 1385 750 cum

164 757 344 796 Herodoto
367 770 523 805 pugnam
547 761 690 802 narrat,
721 758 899 795 Diodorus
925 761 1065 796 tantum
1087 770 1164 803 res,
1196 746 1288 806 quae
1309 757 1388 796 fieri

165 821 309 858 omnino
333 833 406 858 non
429 824 587 868 possunt,
610 820 727 858 affert.
775 820 975 868 Numquam
1000 821 1094 858 enim
1114 814 1167 858 ita
1189 823 1384 869 pugnatum

164 886 234 928 est,
258 886 299 920 ut
321 883 367 920 ab
391 883 460 921 hoc
483 886 669 927 narratur,
700 882 762 920 sed
785 894 915 929 magna
938 883 990 919 vis
1016 882 1166 919 oratorii
1191 882 1388 920 ornamenti

163 948 235 989 est,
273 945 374 982 nulla
398 945 536 981 ratione
560 944 702 987 habita,
740 947 858 980 utrum
890 943 929 979 id
952 943 1046 989 quod
1077 945 1245 980 narratur
1265 954 1387 980 verum

164 1008 210 1044 sit
232 1011 296 1044 aut
320 1007 396 1044 fieri
419 1008 531 1054 possit
555 1018 684 1050 necne,
709 1009 746 1042 et
772 1017 879 1052 quam
903 1009 999 1042 recte
1019 1005 1184 1052 Polybius
1206 1005 1387 1052 Ephorum

162 1070 422 1117 vituperaverit,
446 1069 542 1115 quod
565 1080 638 1105 non
654 1068 868 1115 intelligeret
882 1079 1019 1115 pugnas
1044 1071 1239 1113 terrestres,
1258 1068 1389 1116 optime

162 1133 230 1169 hoc
255 1133 370 1179 capite
389 1131 537 1168 Diodori
554 1131 825 1168 demonstratur.
877 1130 968 1166 Nam
994 1142 1114 1177 pugna
1138 1130 1260 1167 eodem
1282 1129 1387 1167 modo

167 1199 333 1234 narratur
355 1198 463 1242 atque
485 1193 582 1242 apud
605 1193 847 1237 Artemisium,
871 1192 1141 1241 Thermopylas,
1164 1192 1387 1238 Salaminem,

169 1258 264 1305 quod
298 1269 407 1304 quum
446 1256 573 1293 Graeci
607 1257 645 1292 in
681 1259 832 1302 angusto
877 1258 988 1299 stent,
1029 1255 1156 1291 Persae
1191 1256 1389 1300 vincuntur,

166 1321 296 1369 quippe
319 1320 381 1366 qui
405 1319 525 1366 copias
557 1318 735 1366 explicare
765 1329 838 1354 non
869 1317 1017 1365 possint.
1068 1317 1170 1362 Quod
1202 1330 1310 1366 quum
1338 1318 1390 1357 ibi

165 1383 299 1421 factum
323 1386 431 1426 esset,
466 1381 594 1418 Persae
617 1381 675 1417 hic
700 1380 965 1427 perturbatione
990 1382 1163 1418 exercitus
1186 1383 1270 1418 victi
1294 1385 1385 1419 sunt.

163 1445 285 1491 Neque
309 1455 392 1481 vero
415 1443 551 1491 Ephori
574 1443 642 1480 hoc
674 1443 838 1487 interest,
870 1443 900 1479 si
932 1442 1037 1480 modo
1067 1442 1104 1479 id
1140 1443 1235 1490 quod
1263 1445 1388 1481 narrat

164 1506 317 1543 delectat
332 1510 369 1543 et
383 1505 576 1542 iucundum
592 1508 646 1542 est
662 1505 766 1542 lectu.
818 1505 951 1542 Tamen
967 1505 1056 1542 haec
1071 1506 1229 1542 narratio
1244 1506 1388 1543 maximi

164 1568 266 1604 nobis
294 1567 464 1603 momenti
493 1570 565 1609 est,
606 1577 715 1612 quum
755 1565 858 1602 nobis
905 1565 1121 1602 demonstret
1160 1565 1387 1603 Plutarchum

163 1630 307 1678 Ephoro
322 1642 424 1667 usum
440 1641 516 1666 non
532 1641 617 1667 esse.
659 1629 884 1675 Quamquam
902 1628 1010 1676 igitur
1027 1639 1200 1665 summam
1215 1629 1387 1676 praecepi,

163 1696 282 1729 tamen
318 1693 356 1728 in
392 1692 443 1728 eis
487 1703 578 1737 quae
610 1694 806 1737 sequuntur
854 1690 993 1737 saepius
1029 1690 1074 1727 ad
1108 1690 1146 1727 id
1191 1691 1286 1737 quod
1325 1691 1386 1729 ille

163 1758 288 1791 narrat
316 1754 456 1798 redibo,
486 1754 554 1790 nisi
588 1765 645 1790 res
677 1753 783 1800 plane
806 1752 893 1789 ficta
917 1756 981 1790 est.
1030 1753 1144 1797 Quum
1168 1752 1386 1792 Herodotum

163 1828 244 1853 cum
280 1816 380 1851 initio
415 1827 492 1862 cap.
528 1814 592 1851 XV
625 1826 887 1862 comparamus,
929 1815 1006 1852 iure
1044 1815 1160 1852 dicere
1201 1827 1386 1863 possmnus

162 1881 237 1915 tam
261 1878 366 1915 breve
389 1876 458 1914 hoc
483 1888 558 1914 esse
582 1888 689 1924 quam
718 1877 820 1914 illum
849 1877 1004 1925 longum.
1052 1867 1143 1915 Nam
1174 1878 1385 1917 Plutarchus

163 1944 302 1978 tantum
326 1940 449 1977 leviter
485 1951 527 1977 ea
559 1941 689 1988 tangit,
729 1952 820 1987 quae
853 1940 914 1977 ille
943 1939 1065 1978 multis
1095 1940 1210 1978 verbis
1243 1943 1386 1990 exponit

165 2003 318 2041 Graecos
350 2004 462 2040 aciem
494 2006 648 2041 mutasse
679 2007 866 2051 castraque
899 2003 948 2041 ad
980 2004 1116 2041 fontem
1144 2004 1384 2053 Gargaphiam

165 2066 322 2113 posuisse
353 2069 389 2103 et
411 2065 635 2103 Mardonium
668 2066 779 2103 saltus
805 2066 1026 2103 Cithaeronis
1059 2078 1248 2114 occupasse
1278 2079 1385 2115 seque
1464 2112 1468 2115 v

165 2139 245 2164 cum
279 2127 427 2164 ducibus
463 2128 649 2164 Persarum
684 2128 914 2173 deliberasse,
954 2132 1073 2166 utrum
1115 2133 1297 2168 manerent
1335 2136 1383 2168 an

164 2190 304 2227 Thebas
338 2183 502 2227 redirent.
560 2190 680 2237 Neque
716 2202 799 2227 vero
830 2192 868 2228 id
904 2191 998 2238 quod
1034 2192 1245 2229 Plutarchus
1279 2193 1384 2240 elegit

165 2251 268 2289 nobis
292 2250 433 2295 sufficit,
457 2264 566 2298 quum
589 2252 780 2300 plurimum
803 2253 959 2291 omiserit
970 2257 1006 2291 et
1029 2257 1218 2301 propterea
1240 2265 1296 2291 res
1310 2253 1383 2291 alio

165 2315 271 2353 modo
296 2314 518 2351 coniunxerit
532 2319 639 2361 atque
653 2316 864 2353 Herodotus.
912 2316 1126 2353 Plutarchus
1149 2316 1243 2353 enim
1258 2320 1383 2354 narrat
