1520 2520
723 86 770 122 42

136 193 277 254 petiisse
296 193 612 237 Lacedaemonios,
635 196 676 229 ut
704 192 797 230 bello
821 193 1073 237 liberarentur,
1098 193 1161 230 sed
1183 193 1359 240 Diodorus

30 263 33 266 “
105 292 107 294 ,
136 247 208 300 XI,
233 256 291 292 50.
318 255 486 292 abhorret
510 255 556 292 ab
576 256 637 300 eis,
662 268 771 302 quum
787 255 913 292 afferat
936 256 1232 293 Lacedaemonios
1253 267 1358 304 aegre

137 317 278 360 tulisse,
309 317 406 363 quod
430 329 603 354 summam
626 317 765 363 imperii
788 317 990 354 amisissent
1018 321 1055 354 et
1078 318 1122 355 de
1146 317 1240 355 bello
1256 318 1359 365 cogi

136 383 232 416 tasse
255 379 411 416 iuniores
434 379 496 415 sed
519 379 566 415 ab
590 379 835 416 Hetoimarida
857 379 1000 416 edoctos
1024 392 1197 417 summam
1220 381 1357 428 imperii

136 439 305 475 maritimi
328 441 365 475 et
387 438 574 475 victoriam
597 450 670 475 non
703 450 896 486 congruere
924 452 1005 476 oum
1030 440 1187 477 moribus
1216 442 1288 478 suis
1322 445 1358 477 et

137 501 314 537 civitatem
337 500 451 545 ipsam
474 511 615 545 pessum
638 501 690 537 ire
713 501 808 537 bello
833 502 1018 538 destitisse.

233 561 427 599 Aristidem
453 562 557 599 sociis
580 562 716 599 tributa
747 562 914 600 indixisse
945 567 1222 600 commemorant
1252 564 1356 601 etiam

137 625 321 662 Cornelius
346 626 454 661 Arist.
472 637 549 671 cap.
567 625 601 661 3.
629 628 665 660 et
681 625 859 662 Diodorus
881 626 940 669 47,
967 627 998 661 1.
1015 626 1359 673 quum‘Thncydides

136 689 275 722 tantum
299 686 337 722 in
360 685 561 722 universum
586 686 630 721 de
651 685 924 723 Atheniensibus
948 686 1115 733 loquatur
1137 699 1251 733 neque
1274 686 1362 724 vero

136 761 216 784 cum
240 747 432 784 Plutarcho
456 748 702 791 consentiunt,
743 749 873 795 quippe
906 749 1005 785 cuius
1036 749 1144 786 verba
1174 750 1293 785 omnia
1315 761 1357 785 eo

136 810 352 856 pertineant,
376 812 417 845 ut
435 809 606 845 Aristides
627 809 802 846 laudetur.
850 810 942 846 Nam
967 811 1080 846 socios
1102 814 1263 857 tempora
1280 811 1358 847 Ari-

135 871 235 907 stidis
259 882 404 907 auream
429 874 579 907 aetatem
605 871 770 907 laudibus
793 871 960 908 extulisse
989 875 1114 908 narrat
1135 875 1243 918 atque
1265 872 1358 909 idem

133 934 219 969 dicit
242 933 286 969 de
315 932 453 969 vivendi
489 944 614 979 genere
646 945 841 980 pauperum
865 934 1149 977 Atheniensium,
1182 934 1278 980 quod
1302 934 1360 970 Ci-

136 1008 237 1038 mon,
270 1006 342 1040 qua
365 998 442 1031 erat
465 995 648 1040 largitate,
680 994 805 1030 melius
830 994 1005 1031 effecerat.
1054 995 1107 1031 De
1135 1007 1273 1031 summa
1295 996 1362 1031 tri·

137 1058 214 1094 buti
239 1069 358 1094 omnes
389 1057 632 1100 consentiunt,
672 1068 782 1102 quum
813 1056 850 1092 id
883 1056 978 1102 quod
1010 1056 1186 1093 Diodorus
1210 1068 1286 1103 cap.
1311 1057 1357 1092 47

136 1120 330 1166 quingenta
354 1119 538 1166 sexaginta
573 1119 710 1155 talenta
744 1123 992 1155 commemoret
1029 1120 1161 1156 nullius
1192 1120 1360 1156 momenti

136 1183 198 1225 sit,
239 1181 301 1217 sed
324 1181 537 1216 Plutarchus
568 1193 592 1216 a
622 1181 747 1216 ceteris
775 1192 817 1217 eo
851 1193 957 1225 quam
989 1181 1139 1217 maxime
1172 1181 1360 1225 discrepat,

137 1243 251 1288 quod,
276 1245 493 1291 quantopere
516 1253 580 1288 per
609 1253 723 1278 annos
755 1242 928 1278 tributum
960 1243 1128 1279 iactatum
1155 1242 1216 1286 sit,
1247 1241 1359 1279 affert.

137 1305 240 1348 Quod
264 1317 374 1350 quum
397 1304 464 1341 hoc
490 1305 568 1340 loco
592 1316 664 1340 non
688 1308 852 1347 narrent,
877 1305 1051 1350 sequitur,
1084 1308 1126 1340 ut
1151 1305 1360 1341 Plutarchus

136 1368 203 1403 tali
225 1367 324 1403 fonte
346 1378 430 1403 usus
453 1368 518 1410 sit,
543 1367 605 1412 qui
628 1367 785 1403 diversas
811 1379 975 1410 summas,
1003 1379 1093 1413 quas
1117 1367 1224 1403 ceteri
1247 1367 1361 1404 diver-

137 1430 184 1466 sis
201 1429 287 1466 locis
303 1428 637 1472 commemorabant,
662 1428 825 1465 hocloco
843 1429 1080 1468 coniunxerat
1094 1432 1201 1474 atque
1218 1429 1362 1475 quibus-

137 1503 216 1527 cum
240 1491 278 1526 in
301 1502 340 1526 re
362 1490 506 1536 publica
528 1490 683 1536 gerenda
705 1490 843 1526 steterit
867 1489 925 1526 hic
952 1490 1114 1536 scriptor,
1138 1490 1361 1536 perspicuum

138 1556 210 1596 est,
244 1564 351 1598 quum
377 1555 537 1588 oratores
561 1551 703 1597 oblique
726 1551 942 1598 perstringat
970 1554 1006 1588 et
1035 1552 1223 1598 vituperet,
1266 1552 1361 1597 quod

137 1615 384 1660 largitionibus
410 1614 457 1649 ad
489 1614 629 1659 plebem
652 1613 757 1648 factis
789 1613 950 1658 publicas
983 1614 1151 1659 pecunias
1175 1612 1362 1649 effuderint

138 1679 174 1712 et
198 1675 294 1712 dicat
319 1674 364 1711 ob
387 1686 466 1711 eam
489 1685 564 1710 rem
587 1674 722 1710 tributa
745 1677 852 1710 aucta
875 1685 959 1710 esse.

233 1737 366 1780 Quibus
404 1747 513 1781 quum
553 1735 727 1781 capitibus
767 1735 871 1771 nimis
908 1747 930 1771 a
966 1736 1122 1772 Diodoro
1159 1730 1360 1780 abhorreat,

139 1799 283 1845 Ephoro
307 1797 536 1834 Plutarchum
560 1808 662 1833 usum
687 1808 762 1834 esse
786 1797 987 1843 negandum
1011 1801 1086 1842 est,
1111 1809 1226 1844 neque
1249 1798 1360 1846 magis

88 1894 89 1897 ,
140 1873 184 1897 ea
206 1872 297 1906 quae
331 1862 525 1896 narrantur
555 1871 575 1895 e
599 1859 802 1905 Thncydide
833 1860 910 1906 ipso
943 1855 1089 1896 'fluxisse
1119 1863 1269 1906 possunt
1300 1860 1361 1896 sed

108 1919 117 1928 “
140 1935 249 1969 quum
272 1920 453 1958 nonnullis
476 1920 565 1957 locis
587 1921 680 1957 inter
703 1933 740 1957 se
765 1922 1004 1964 consentiant,
1028 1921 1162 1957 fontem
1179 1921 1360 1957 Plutarchi

141 1997 183 2022 eo
212 1997 315 2021 usum
338 1995 414 2020 esse
445 1983 631 2019 verisimile
664 1986 734 2027 est,
775 1983 982 2029 praesertim
1016 1994 1125 2028 quum
1153 1982 1229 2028 ipse
1259 1982 1360 2018 testis

140 2047 319 2085 afferatur.
368 2045 551 2081 Plutarchi
567 2049 685 2081 autem
709 2045 757 2081 ad
777 2046 909 2081 fontem
934 2044 1170 2081 definiendum
1202 2045 1361 2090 inprimis

141 2110 230 2146 haec
253 2108 323 2144 duo
353 2107 558 2154 gravissima
590 2110 688 2150 sunt,
728 2119 837 2143 unum
871 2106 966 2152 quod
996 2118 1076 2142 cum
1104 2106 1178 2142 vita
1207 2105 1361 2141 Cimonis

141 2174 264 2208 nostra
280 2169 469 2212 consentit,
495 2168 648 2205 alterum
664 2168 758 2214 quod
782 2180 801 2205 e
821 2180 860 2205 re
877 2168 1119 2215 optimatium,
1143 2167 1269 2214 quanti
1291 2168 1362 2204 siut

139 2232 350 2269 aestimandi
374 2234 532 2267 oratores
555 2230 835 2273 Atheniensium,
861 2230 1040 2266 diiudicat.
1090 2230 1198 2275 Atqui
1210 2229 1294 2276 illos
1309 2229 1361 2265 lo-

141 2306 202 2331 cos
226 2306 245 2330 e
268 2293 494 2340 Theopompo
518 2291 659 2333 fluxisse
690 2291 806 2328 Ruehl
831 2292 982 2335 censuit,
1022 2296 1129 2338 atque
1158 2290 1226 2328 hoc
1250 2290 1362 2327 eidem
