1520 2520
741 88 763 124 6

142 209 295 244 pugnam
321 196 582 233 Marathoniam
607 200 643 233 et
667 197 794 233 iterum
818 194 1085 238 abstinentiam,
1117 194 1166 231 VI
1188 193 1365 241 quomodo

118 270 121 272 ’
141 270 335 305 cognomen
358 259 447 295 Iusti
469 259 645 305 acceperit
669 262 705 294 et
728 271 792 294 cur
812 257 925 304 pluris
941 256 1160 293 aestimanda
1185 257 1232 293 sit
1253 256 1365 293 virtus

142 331 250 366 quam
283 331 383 366 opes,
425 319 492 356 VII
522 319 773 370 relegationem
806 321 842 355 et
870 318 998 354 iterum
1030 317 1167 365 pata-iae
1198 329 1365 362 amorem,

140 386 216 419 tum
240 382 311 418 fine
334 383 548 418 narrationis
572 394 648 428 cap.
675 381 790 417 XXIV
807 381 1074 424 abstinentiam,
1098 380 1198 417 XXV
1215 392 1366 427 pauper-

141 448 251 482 tatem
275 448 310 481 et
335 444 615 481 benevolentiam
639 456 724 490 erga
747 443 1016 479 Themistoclem
1041 442 1219 486 habitam,
1251 442 1365 481 XXVI

140 508 232 544 falso
256 520 335 543 eum
368 510 573 543 accusatum
607 510 643 542 et
675 506 882 542 damnatum
905 517 998 549 esse,
1033 505 1166 542 XXVII
1192 517 1264 552 quo
1287 506 1365 543 loco

142 568 300 614 sepultus
336 568 383 604 sit
421 571 457 603 et
492 567 578 613 quid
616 567 845 603 Athenienses
877 565 999 602 liberis
1031 566 1203 603 dederint.
1267 566 1366 610 Quae

142 631 261 666 omnia
292 630 423 676 optime
453 631 547 666 inter
581 642 618 666 se
651 629 851 665 cohaerent.
899 628 991 664 Nam
1028 628 1124 674 quod
1158 630 1192 674 ἓ.
1226 627 1251 663 4
1286 639 1366 675 cap.

141 691 256 728 XXIV
280 691 324 727 de
347 688 369 739 ἡ
395 689 483 738 περὶ
506 690 574 734 τὰς
595 693 718 737 χεῖρας
741 688 929 737 ἐγκράτεια
953 689 1165 726 Plutarchus
1199 689 1366 735 loquitur,
1391 697 1417 712 ··
1459 702 1466 708 ·

142 754 405 790 demonstratur
445 753 542 789 fonte
580 753 702 789 eodem
745 764 825 788 eum
855 764 958 797 usum
990 763 1065 788 esse
1093 763 1167 797 quo
1198 763 1276 798 cap.
1305 751 1366 795 IV,

142 815 202 850 ubi
224 814 318 850 idem
349 817 489 850 tantum
517 825 621 849 versu
652 815 717 860 τῆς
753 811 794 848 δὲ
815 810 935 859 χειρὸς
959 809 1002 848 οὔ
1026 814 1166 859 κρατῶν
1189 812 1365 859 exprimit.

142 875 229 913 Tum
262 876 300 911 in
333 878 484 921 utraque
516 878 617 921 parte
649 873 760 910 eidem
794 873 982 920 scriptores
1017 876 1125 910 testes
1159 872 1365 911 afferuntur.

142 938 303 983 Denique
334 949 444 984 genus
478 937 618 973 dicendi
651 936 756 982 plane
794 936 985 978 consentit,
1026 939 1062 971 et
1095 936 1269 972 sententia
1299 935 1367 972 toti
1441 940 1451 945 “

64 1009 77 1019 Χ
143 999 299 1035 subiecta
323 1010 467 1045 prorsus
492 999 615 1035 eadem
639 1001 703 1034 est.
752 997 842 1034 Nam
861 997 899 1033 id
915 997 1042 1043 agitur,
1066 1000 1107 1033 ut
1129 997 1277 1034 virtutes
1288 996 1367 1033 Ari-

142 1060 243 1096 stidis
276 1064 312 1095 et
352 1060 389 1095 in
421 1060 543 1106 primis
583 1059 718 1095 iustitia
758 1063 793 1094 et
824 1058 1040 1096 abstinentia
1071 1069 1179 1103 quam
1214 1058 1367 1094 maxime

142 1122 346 1167 perspicuae
377 1121 467 1156 fiant
499 1120 594 1166 quod
636 1121 760 1166 primis
791 1123 960 1164 quattuor
992 1119 1167 1164 capitibus
1201 1122 1369 1165 sextoque

65 1191 67 1193 “
141 1186 248 1229 atque
271 1181 343 1218 fine
368 1194 432 1228 per
455 1194 492 1218 se
516 1186 634 1228 patet,
667 1182 698 1218 si
729 1185 847 1238 autem
881 1180 1003 1227 paullo
1027 1180 1230 1216 accuratius
1259 1191 1368 1226 quae-

142 1244 313 1286 sierimus,
337 1244 445 1278 etiam
469 1243 613 1288 reliquis
626 1243 740 1278 inesse
755 1242 982 1278 inveniemus.
1033 1241 1107 1288 Ego
1125 1241 1266 1287 quidem
1283 1254 1368 1279 con-

142 1302 250 1337 tendo
273 1302 372 1337 illam
397 1313 472 1337 esse
495 1313 655 1338 caussam
674 1302 1004 1338 commemorandae
1027 1313 1168 1348 pugnae
1183 1302 1365 1340 Maratho-

143 1363 232 1399 niae.
284 1362 374 1400 Nam
398 1363 436 1399 in
460 1362 689 1400 describenda
714 1363 781 1400 hac
811 1376 850 1399 re
875 1363 982 1411 plane
1004 1362 1173 1400 abhorret
1195 1375 1218 1400 a
1241 1364 1367 1402 ceteris

142 1438 259 1462 rerum
284 1425 525 1472 scn'ptorihus.
574 1425 621 1461 Hi
645 1432 798 1472 pugnam
822 1426 937 1471 ipsam
961 1429 1129 1469 narrant,
1153 1437 1268 1472 neque
1283 1423 1367 1464 vero

143 1488 187 1524 de
211 1487 365 1524 Aristide
389 1487 581 1533 quidquam
608 1487 740 1524 dicunt.
787 1487 852 1523 Ille
875 1487 919 1523 de
944 1498 1065 1533 pugna
1092 1487 1171 1534 ipsa
1201 1487 1291 1525 nihil
1314 1488 1368 1526 di·

143 1550 208 1592 cit,
235 1549 422 1584 Aristidem
447 1553 565 1584 autem
591 1552 626 1583 et
650 1549 682 1584 ei
705 1548 905 1584 interfuisse
928 1552 964 1584 et
988 1560 1097 1593 quum
1121 1560 1251 1594 magna
1274 1549 1369 1586 frue-

144 1615 242 1648 retur
266 1611 497 1654 auctoritate,
522 1614 656 1647 ceteros
682 1610 787 1647 duces
811 1610 1016 1655 adduxisse,
1056 1614 1097 1647 ut
1119 1622 1185 1657 pro
1208 1609 1369 1650 Miltiade

144 1685 168 1708 a
191 1684 329 1708 summa
351 1673 489 1718 imperii
512 1672 729 1708 desisterent.
779 1672 866 1709 Tum
891 1673 986 1710 solus
1011 1677 1146 1716 narrat,
1170 1685 1248 1709 eum
1265 1673 1369 1710 valde

144 1746 224 1771 cum
248 1733 500 1777 Themistocle,
528 1745 680 1779 quocum
705 1734 821 1770 media
853 1735 929 1770 acie
952 1734 1122 1779 stetisset,
1155 1739 1308 1772 certasse
1331 1739 1368 1772 et

145 1809 253 1842 quum
278 1798 386 1832 ceteri
409 1796 516 1832 duces
540 1796 698 1832 Athenas
723 1797 872 1842 profecti
896 1801 1028 1839 essent,
1060 1809 1106 1833 ne
1135 1798 1219 1834 urbs
1242 1809 1368 1845 repen-

144 1859 220 1897 tino
244 1860 378 1906 impetu
400 1860 586 1896 Persarum
612 1862 815 1905 caperetur,
840 1859 887 1895 ad
911 1859 1175 1898 custodiendam
1198 1860 1368 1907 praedam

145 1923 308 1959 relictum
349 1934 433 1959 esse.
490 1922 582 1958 Huic
623 1922 676 1958 rei
715 1921 876 1967 adiungit
918 1922 1237 1965 narratiunculam,
1277 1934 1369 1969 quae

146 1983 246 2020 nullo
270 1983 376 2020 modo
399 1983 447 2020 ad
467 1994 624 2030 pugnam
648 1986 796 2030 spectat,
821 1983 882 2020 sed
906 1994 1014 2030 quum
1037 1986 1168 2027 narret,
1191 1984 1367 2030 quomodo

147 2045 277 2081 Callias
302 2048 472 2091 cognatus
496 2044 557 2079 ille
580 2044 762 2087 Aristidis,
795 2044 857 2090 qui
887 2044 981 2080 infra
1007 2045 1133 2080 iterum
1158 2056 1368 2082 commemo-

147 2111 264 2152 ratur,
296 2119 380 2154 opes
404 2110 530 2143 nactus
553 2107 614 2150 sit,
649 2106 866 2143 demonstrat
887 2109 1043 2150 tantum,
1076 2118 1181 2153 quam
1211 2106 1367 2145 diversus

147 2169 206 2204 hic
229 2168 276 2205 ab
299 2168 363 2204 illo
386 2168 494 2204 fuerit
517 2171 553 2204 et
576 2179 684 2214 quam
709 2167 868 2204 modeste
892 2171 928 2204 et
953 2167 1171 2204 abstinenter
1194 2167 1375 2206 Aristides.

150 2243 187 2267 se
217 2231 374 2277 gesserit.
432 2229 592 2276 Denique
625 2229 706 2266 finis
738 2229 843 2265 huius
876 2230 1001 2276 capitis
1034 2241 1142 2275 quam
1171 2219 1389 2267 simillimus⁴

150 2296 204 2327 est
227 2292 342 2337 primi.
393 2291 482 2326 Nam
514 2292 551 2326 in
575 2294 725 2336 utroque
749 2291 794 2327 de
826 2291 952 2334 eadem*
980 2304 1021 2328 re
1052 2292 1207 2337 loquitur
1229 2292 1369 2329 Plutar-
