1520 2520
743 106 790 142 29

83 233 86 240 ·
154 216 296 257 narrat,
331 214 493 250 concludi
514 216 631 260 potest
652 213 749 249 fonte
773 213 916 250 meliore
941 213 1123 260 Ephorum
1145 223 1247 249 usum
1282 224 1367 249 esse.

155 274 271 322 Atque
291 267 347 311 'in
384 274 572 311 narrandis
610 274 660 310 eis
696 285 786 320 quae
826 273 1055 311 Athenienses
1090 273 1253 311 feceruntv
1287 272 1370 309 Plu·

155 336 300 373 tarchus
341 337 437 373 solus
470 340 595 374 auctor
626 340 680 373 est
718 335 908 373 Aristidem
950 330 1087 373 obviam
1130 336 1180 373 eis
1213 334 1369 378 Graecis,

156 398 221 444 qui
239 408 263 433 a
285 401 386 443 parte
409 398 594 434 Persarum
625 400 777 441 starent,
813 397 917 433 ivisse
948 402 984 433 et
1007 408 1142 441 orasse,
1179 409 1224 434 ne
1248 409 1366 434 secum

155 462 360 506 pugnarent.
425 459 583 506 Pugnam
626 459 740 505 ipsam
788 470 868 495 cum
913 458 1092 496 Herodoto
1137 462 1368 506 congruenter

156 520 332 557 describit.

195 624 201 629 ¹
249 582 290 619 Id
313 582 408 629 quod
430 582 529 619 initio
554 594 633 630 cap.
657 581 740 618 XIX
769 581 873 619 affert
896 582 1110 620 Plutarchus
1134 582 1368 621 Lacedaemo-

154 645 232 681 nios
255 646 386 691 primos
408 645 532 681 Persas
555 644 696 688 fudisse,
719 644 918 681 Herodotus
944 656 1017 680 non
1041 645 1140 689 dicit,
1173 645 1236 682 sed
1259 658 1303 682 ex
1325 657 1367 682 eo

154 708 250 754 quod
264 712 381 745 castra
403 708 517 755 primo
541 708 608 744 soli
624 707 884 754 expugnabant,
909 706 1073 745 efficitur.
1124 708 1213 745 Tum
1236 708 1280 745 de
1303 699 1368 745 noss

155 770 248 806 mine
270 769 537 806 Lacedaemonii
558 770 663 814 illius,
687 771 748 816 qui
763 767 987 806 Mardonium
1003 770 1209 815 interfecit,
1221 782 1367 807 consen-

155 830 249 867 tiunt
269 842 382 877 neque
403 842 487 867 vero
510 830 725 876 Herodotus,
755 842 845 878 quae
868 832 975 869 fuerit
997 843 1093 869 mors
1116 835 1152 870 et
1168 832 1262 879 quod
1285 844 1368 869 ora-

155 893 273 928 culum
284 893 517 939 portenderit,
542 893 652 929 affert.
701 893 794 930 Nam
815 893 914 938 VIII,
942 894 1010 929 133
1025 893 1128 930 affert
1142 906 1165 930 a
1180 893 1367 930 Max-donin

155 954 269 991 hieme
296 954 419 991 Carem
450 955 639 1001 quendam,
678 955 735 991 cui
763 967 890 992 nomen
921 958 1014 992 esset
1036 955 1135 1003 Mys,
1176 955 1223 992 ad
1247 956 1366 993 omnia

154 1016 368 1053 Graecorum
391 1019 535 1054 oracula
557 1018 755 1055 consultum
778 1019 922 1054 missum
944 1030 1008 1065 per
1023 1019 1186 1063 amicum,
1208 1019 1362 1065 quinon

154 1082 246 1116 esset
266 1077 462 1124 Thebanus,
485 1079 665 1116 oraculum
686 1079 892 1126 Amphiarai
915 1079 1139 1124 consuluisse,
1162 1079 1271 1127 quum
1288 1091 1362 1116 non

155 1138 361 1187 responsum
391 1141 514 1185 ferret,
555 1142 618 1177 sed
647 1142 761 1188 ipsum
787 1141 959 1189 Apollinis
982 1141 1062 1178 Ptoi
1092 1142 1128 1178 et
1157 1153 1365 1189 responsum

155 1203 277 1239 tulisse
300 1202 424 1239 Carica
440 1203 576 1249 lingua3
600 1202 685 1248 quid
708 1205 826 1238 autem
849 1202 935 1238 deus
957 1202 1186 1249 responderit,
1210 1214 1283 1239 non
1309 1202 1364 1239 di-

156 1265 214 1301 cit.
273 1265 483 1302 Plutarchus
519 1276 627 1311 quum
658 1268 782 1301 auctor
817 1264 863 1301 sit
892 1264 1114 1301 Mardonium
1149 1275 1192 1301 eo
1227 1264 1365 1312 Lydum

155 1327 347 1373 quendam,
371 1327 440 1364 huc
466 1328 590 1363 Garem
613 1327 747 1363 misisse
768 1329 875 1373 atque
897 1326 991 1363 hunc
1013 1319 1219 1375 responsum
1241 1326 1366 1380 Carica

156 1389 277 1437 lingua
298 1389 437 1434 tulisse,
469 1389 569 1426 illum
603 1388 783 1426 oraculum
814 1389 906 1426 iusto
939 1388 1043 1428 modo
1075 1389 1290 1428 consuluisse
1329 1393 1365 1428 et

155 1456 302 1490 mortem
329 1453 502 1489 Mardonii
525 1453 726 1497 somniasse,
750 1453 796 1489 ab
812 1453 991 1490 Herodoto
1007 1464 1048 1491 eo
1069 1453 1246 1498 abhorret,
1269 1454 1365 1501 quod

155 1516 222 1552 hoc
256 1514 368 1552 affert.
418 1516 531 1558 Quum
562 1516 668 1551 etiam
700 1516 768 1552 hoc
800 1516 915 1562 capite
945 1526 1002 1551 res
1031 1519 1151 1562 gestae
1186 1516 1364 1553 seiunctae

155 1578 226 1614 sint
248 1577 392 1614 diversis
415 1577 519 1621 locis,
543 1577 676 1623 quibus·
691 1576 924 1623 pugnabatur,
949 1576 1160 1614 Plutarchus
1184 1589 1280 1614 nunc
1304 1577 1365 1614 de-

155 1647 251 1676 mum
273 1643 411 1683 narrat,
443 1639 671 1675 Athenienses
695 1638 879 1675 Thebanos
900 1638 1039 1682 vicisse,
1071 1638 1109 1675 id
1132 1638 1229 1684 quod
1253 1637 1365 1675 Hero-

155 1702 258 1738 dotus
278 1713 351 1738 una
374 1713 453 1738 cum
475 1702 525 1737 eis
549 1712 639 1747 quae
667 1700 878 1737 antecedunt
900 1701 1062 1748 exposuit
1076 1691 1197 1747 ⁴neque
1219 1712 1302 1738 vero
1326 1701 1364 1737 in

152 1757 259 1801 vrebus
280 1766 365 1811 ipsis
391 1764 608 1800 dissentiunt.
657 1764 765 1799 Plane
793 1763 896 1799 aliter
923 1766 1047 1799 narrat
1069 1762 1245 1799 Diodorus
1269 1764 1364 1800 hanc

154 1826 344 1875 victoriam.
393 1824 483 1861 Nam
499 1827 685 1872 postquam
701 1823 905 1860 Mardonius
927 1824 1066 1860 fortiter
1087 1835 1248 1872 pugnans
1269 1836 1365 1862 mor-

154 1894 236 1927 tuus
259 1893 367 1932 esset,
391 1889 494 1932 dicit,
524 1901 632 1934 quum
655 1888 780 1924 Persae
803 1888 841 1924 in
865 1888 981 1924 castra
1004 1891 1150 1934 excepto
1174 1888 1363 1932 Artabazo,

154 1951 216 1997 qui
238 1962 317 1987 cum
341 1949 576 1997 quadraginta
591 1949 730 1985 milibus
746 1948 896 1985 militum
919 1949 958 1984 in
974 1948 1163 1985 Phocidem
1185 1949 1364 1996 profectus

154 2017 260 2065 esset,
299 2012 512 2049 Graecorum
543 2015 660 2048 autem
699 2011 830 2047 auxilia
861 2010 998 2047 Thebas
1027 2011 1214 2057 fugissent,
1258 2013 1364 2049 etiam

155 2076 306 2112 Graecos
337 2075 376 2110 in
403 2077 477 2110 tres
508 2077 626 2120 partes
658 2073 784 2110 divisos
808 2084 894 2109 esse.
942 2073 1033 2109 Nam
1056 2073 1288 2111 Athenienses
1309 2076 1365 2112 in-

153 2137 282 2188 stitisse
305 2135 462 2178 Boeotis,
486 2135 672 2172 Corinthos
697 2134 891 2178 Artabazo,
921 2134 1216 2172 Lacedaemonios
1238 2137 1364 2180 Persis,

154 2200 216 2238 md
238 2211 347 2247 quum
369 2199 526 2236 Thebani
549 2202 691 2236 vexatos
706 2198 856 2235 Boeotos
881 2199 1097 2245 excepissent
1122 2202 1159 2235 et
1173 2199 1365 2237 Athenien-

154 2268 209 2301 ses
231 2263 370 2300 fortiter
392 2261 510 2298 adorti
532 2264 664 2304 essent,
686 2272 839 2307 pugnam
861 2264 1017 2297 atrocem
1041 2265 1156 2298 ortam
1179 2274 1269 2307 esse,
1294 2274 1365 2309 qua

152 2318 308 2364 Thebani
319 2324 388 2361 ,vix
411 2324 493 2360 victi
517 2326 632 2360 essent
654 2325 761 2368 atque
791 2325 868 2358 tum
894 2322 1121 2360 Athenienses
1152 2316 1296 2361 rediisse
1327 2323 1384 2361 et‘
