1520 2520
764 83 808 118 14

171 200 281 235 quum
305 193 381 225 tam
405 190 644 232 consentiant,
677 193 718 225 ut
740 193 881 231 tantum
903 201 1013 225 unam
1036 188 1210 232 efficiant,
1245 200 1290 225 ex
1319 180 1393 226 une

171 253 269 287 fonte
293 249 454 294 fluxisse3
484 251 584 297 atqui
607 250 707 287 illam
734 250 905 287 Albracht
938 262 982 287 ex
1005 250 1149 297 Ephoro
1173 250 1393 298 desumptam

172 325 248 350 esse
271 314 413 358 statuit,
438 325 521 359 ergo
545 313 638 349 hanc
663 313 695 349 ei
718 314 794 349 iure
819 313 1016 349 tribuimus.

267 407 427 453 Pugnam
449 406 563 452 ipsam
587 417 658 441 non
683 404 859 448 describit,
883 404 945 440 sed
966 405 1081 451 capite
1105 416 1200 440 nono
1215 396 1394 452 expugna-

172 468 305 508 tionem
330 466 542 514 Psyttaliae,
575 477 646 512 qua
670 465 841 502 Aristides
865 465 996 511 optime
1020 463 1065 502 de
1088 465 1233 504 Graecis
1247 460 1393 502 ‘mex-uit.

173 529 350 566 Diodorus
374 529 468 564 hanc
493 528 611 564 omisit
633 538 747 573 neque
763 526 963 563 Herodotus
986 538 1096 573 quum
1119 525 1221 571 vm,
1244 526 1298 580 95>
1314 530 1395 563 tan-

173 597 249 629 tum
273 592 369 628 dicat
400 603 479 627 eum
511 589 549 626 ἐν
580 590 633 637 τῷ
656 587 807 637 θορύβῳ
837 587 956 638 τούτῳ
989 589 1142 626 insulam
1175 595 1395 636 expugnasse

174 657 210 690 et
233 664 354 689 omnes
377 652 503 688 Persas
526 650 761 695 interfecisse,
785 652 906 698 magni
929 651 1031 688 nobis
1054 652 1222 688 momenti
1246 655 1310 696 est,
1333 651 1395 688 sed

174 715 270 762 quod
295 714 508 762 Aeschylus,
549 715 609 760 qui
634 714 798 750 nuntium
821 713 917 751 Pers.
944 713 1014 750 448
1040 714 1214 751 dicentem
1237 714 1395 752 induxit:

175 775 225 820 ὠς
262 775 328 824 γὰρ
365 775 455 819 θεὸς
478 779 573 810 ναῶν
612 773 724 811 ἔδωκε
758 774 868 819 κῦδος
883 773 1034 824 Ἕλλησι
1078 774 1194 825 μάχης
1228 776 1396 825 temporis

174 839 311 875 ratione
348 850 429 875 cum
467 850 508 875 eo
541 838 716 874 consentit
729 866 738 881 ‚
779 841 919 874 constat
958 838 1112 875 insulam
1149 839 1294 876 tandem
1325 834 1396 878 fine
1455 882 1459 887 ,

175 911 313 947 pugnae
337 903 574 945 expugnatam
590 911 675 935 esse.
723 899 935 935 Plutarchus
957 899 1033 945 ipse
1054 899 1148 935 hanc
1171 911 1247 936 rem
1268 900 1396 937 iterum

174 962 293 999 Them.
320 974 396 1009 cap.
420 959 505 997 XIII
528 964 653 997 narrat
677 964 712 996 et
742 964 868 997 testem
896 959 1000 997 affert
1022 960 1196 997 Phaniam
1220 961 1396 998 Lesbium.

177 1024 278 1067 Quod
302 1035 411 1069 quum
434 1022 614 1059 nonnullis
642 1022 730 1058 locis
762 1034 854 1075 cum¹
874 1024 996 1057 nostro
1035 1022 1150 1068 capite
1189 1022 1397 1066 consentiat,

176 1085 289 1131 primo
328 1085 430 1130 quasi
462 1087 608 1131 aspectu
642 1084 800 1122 crederes
841 1096 885 1120 ex
917 1083 1040 1119 eodem
1075 1083 1173 1121 fonte
1209 1087 1398 1131 utrumque

175 1143 326 1181 fluxisse.
375 1144 444 1180 Sed
466 1145 505 1180 in
528 1144 761 1180 Themistocle
784 1147 907 1180 narrat
929 1142 1141 1196 Plutarchus
1173 1147 1246 1181 tres
1275 1135 1398 1191 captos

177 1206 301 1243 Persas
325 1204 372 1242 ad
397 1218 493 1249 eum,
517 1218 627 1252 quum
652 1205 699 1242 ad
723 1217 849 1242 navem
871 1206 1088 1252 praetoriam
1116 1206 1252 1242 hostias
1275 1206 1400 1242 immo-

176 1269 302 1312 lasset,
326 1268 499 1305 adductos
522 1280 598 1305 esse
623 1262 845 1305 et‘monente
868 1268 1055 1314 haruspice
1079 1271 1263 1312 mactatos,
1288 1280 1400 1314 quan·-

176 1331 366 1377 doquidem
399 1330 558 1367 homines
591 1331 729 1377 magnis
761 1329 927 1377 periculis
950 1330 1048 1367 miris
1077 1330 1182 1367 rebus
1206 1330 1312 1368 fidem
1335 1331 1400 1368 ha-

177 1389 301 1428 berent
323 1402 437 1437 neque
461 1401 545 1427 vero
569 1389 733 1437 quando,
762 1389 841 1435 ubi,
872 1391 937 1428 abs
961 1402 1032 1438 quo
1057 1391 1094 1428 hi
1118 1391 1214 1439 capti
1238 1392 1310 1429 sint
1317 1407 1327 1437 ;
1361 1392 1399 1429 in

179 1453 331 1489 Aristide
355 1457 474 1490 autem
497 1454 650 1500 primum
674 1454 769 1490 hunc
795 1453 946 1500 optimos
976 1455 1105 1494 milites
1136 1455 1174 1490 in
1198 1465 1305 1491 naves
1333 1455 1400 1491 im-

177 1515 355 1561 posuisse,
390 1514 571 1558 eduxisse,
608 1514 732 1551 Persas
769 1514 1004 1559 interfecisse,
1040 1517 1116 1551 tum
1148 1518 1221 1552 tres
1244 1516 1401 1563 captivos

177 1576 403 1615 Themistocli
428 1577 578 1620 misisse,
616 1578 677 1622 qui
711 1575 856 1613 mactati
895 1580 1027 1621 essent,
1065 1578 1102 1613 id
1134 1578 1230 1623 quod
1250 1577 1400 1615 stantum

177 1639 285 1675 verbo
308 1638 475 1685 λέγονται
498 1638 693 1684 probatur3
733 1638 883 1684 denique
914 1638 1067 1675 insulam
1099 1637 1269 1675 militibus
1301 1651 1402 1687 saep—

179 1700 283 1744 sisse,
307 1701 379 1736 suis
403 1700 551 1750 auxilio,
580 1699 742 1736 hostibus
764 1699 905 1736 damno.
953 1700 1069 1744 Quum
1093 1701 1200 1747 igitur
1224 1713 1403 1748 expugna-

178 1763 262 1805 tio‚·
283 1773 355 1798 non
390 1762 579 1804 mactatio,
623 1773 714 1807 quae
747 1774 792 1798 ne
831 1765 926 1798 certe
963 1762 1106 1808 quidem
1142 1762 1403 1809 comprobatur,

179 1823 417 1867 describatur,
449 1822 508 1860 hio
531 1823 637 1870 plane
660 1823 698 1859 id
724 1823 947 1868 obscuratur,
982 1824 1078 1870 quod
1110 1825 1161 1862 ibi
1190 1824 1265 1862 fere
1288 1824 1402 1862 solum

179 1887 356 1922 narratur.
411 1884 501 1920 Tum
539 1897 650 1931 genus
682 1885 857 1922 scribendi
891 1885 995 1922 valde
1029 1887 1122 1923 inter
1154 1897 1192 1923 se
1223 1886 1401 1924 abhorret.

180 1943 339 1993 Denique
368 1946 407 1982 in
429 1945 663 1983 Themistocle
685 1947 853 1993 temporis
877 1947 970 1984 ratio
998 1958 1105 1993 quam
1128 1946 1318 1985 falsissima
1340 1950 1403 1985 est.

180 2009 272 2046 Nam
296 2021 338 2046 eo
363 2009 458 2055 quod
484 2009 610 2045 Persae
634 2009 706 2044 iam
729 2012 813 2045 ante
836 2021 992 2055 pugnam
1014 2009 1301 2054 immolabantur,
1328 2008 1404 2047 effi-

182 2071 293 2115 citur,
333 2075 374 2107 ut
398 2072 469 2107 iam
504 2074 588 2106 ante
620 2082 699 2107 eam
729 2071 824 2117 capti
848 2071 936 2115 sint,
976 2070 1038 2107 sed
1062 2067 1172 2117 quum
1194 2071 1312 2108 insula
1333 2069 1405 2109 fine

180 2132 325 2168 tandem
348 2144 488 2178 pugnae
518 2134 795 2178 expugnaretur,
836 2144 907 2168 non
939 2132 1114 2179 intelligo,
1154 2131 1248 2169 unde
1277 2131 1406 2170 Persae

181 2194 350 2231 venerint.
399 2193 515 2238 Quare
547 2193 614 2230 has
648 2193 737 2230 duas
768 2193 991 2231 narrationes
1021 2206 1040 2231 e
1073 2194 1220 2232 diversis
1250 2194 1406 2232 fontibus

181 2256 393 2292 derivandas
418 2268 493 2292 esse
518 2260 621 2303 put03
652 2268 761 2301 quum
784 2260 902 2293 autem
927 2254 996 2300 ea,¹
1019 2268 1110 2302 quae
1134 2256 1349 2294 antecedunt
1370 2260 1407 2295 et
