1520 2520
739 84 787 120 36

152 205 232 232 cum
256 193 370 240 gloria
394 193 517 240 templi
546 204 658 239 quam
690 191 974 230 coniunctissima
1005 195 1082 229 erat
1104 191 1373 229 Plataeensium.

153 257 228 293 Hoc
253 256 439 292 consilium
463 256 570 303 plane
593 256 815 303 perspicuum
842 258 896 291 est
919 258 955 291 et
978 253 1154 301 quomodo
1175 254 1374 292 sacerdotes

152 319 201 355 eis
232 330 322 364 quae
346 317 558 355 Plutarchus
581 317 684 355 affert
729 318 783 355 usi
827 318 915 359 sint,
952 317 1229 362 demonstratur,
1267 316 1375 364 quod,

152 382 182 417 si
213 393 294 417 cum
325 381 502 416 Pausania
530 380 598 424 IX,
636 381 678 423 4,
708 382 740 416 1.
772 375 1028 427 comparamus,
1063 381 1193 417 falsum
1230 381 1268 417 id
1300 392 1375 417 esse

151 443 373 489 perspicuum
408 445 478 485 est,
521 442 650 489 quippe
693 443 753 489 qui
796 446 921 479 auctor
951 443 996 479 sit
1034 442 1204 490 templum
1243 441 1375 490 praeda

153 504 378 540 Marathonia
405 504 630 539 aedificatum
656 516 740 539 esse.
792 504 911 549 Neque
927 504 1042 539 minus
1064 503 1100 538 id
1123 503 1219 548 quod
1235 503 1376 539 Plutar-
1433 496 1442 504 ’

152 565 239 602 chus
273 568 398 601 narrat
425 563 722 601 Lacedaemonios
755 568 790 601 et
814 565 1044 602 Athenienses
1068 576 1170 601 suum
1202 576 1375 611 quemque

152 631 336 673 tropaeum
372 626 548 662 statuisse
576 630 715 672 pugnat
739 638 817 662 cum
841 626 1033 669 Pausania,
1057 627 1187 673 quippe
1210 627 1272 672 qui
1294 629 1376 662 tan·

151 692 227 724 tum
251 700 373 736 unum¹
388 688 496 724 fuisse
521 687 627 725 dicat.

245 750 456 787 Plutarchus
499 749 657 796 picturas
701 749 804 798 μέχρι
840 752 902 786 νῦν
934 750 1083 798 viguisse
1114 747 1374 790 commemorat.

152 814 346 851 Pausanias
369 825 430 850 eas
445 813 550 856 vidit,
576 825 693 859 neque
717 817 772 850 est
795 813 889 859 quod
914 815 975 849 νῦν
998 813 1045 850 ad
1061 817 1221 860 tempora
1238 803 1377 857 Plutar-

151 876 208 912 chi
239 887 312 911 non
343 875 557 917 referamus,
602 886 712 920 quum
752 886 823 910 non
858 875 1016 919 videam,
1057 875 1103 911 ad
1131 886 1235 920 quem
1266 875 1376 912 alium

151 941 295 984 spectet,
319 940 355 973 et
378 937 601 979 Plutarchus,
628 937 757 983 quippe
782 938 842 982 qui
869 941 960 973 esset
978 938 1129 973 Boeotus
1151 941 1187 974 et
1201 938 1375 982 sacerdos

150 1000 267 1035 videre
292 1011 351 1035 eas
376 999 544 1035 facillime
571 1002 699 1045 posset.

245 1060 404 1106 Denique
440 1059 510 1096 fine
545 1060 672 1107 capitis
709 1063 833 1096 narrat
870 1060 1081 1097 Plutarchus
1111 1072 1135 1097 a
1171 1061 1269 1098 nullo
1303 1061 1376 1099 alio

151 1123 322 1168 scriptore
346 1122 516 1170 traditam
549 1126 585 1158 et
619 1123 810 1168 permiram
836 1124 1151 1159 narratiunculam'
1171 1123 1215 1160 de
1238 1124 1377 1161 Platae-

150 1185 225 1220 ensi
250 1184 404 1230 quodam
429 1184 606 1227 Euchida,
652 1184 712 1230 qui
739 1184 962 1231 septuaginta
994 1185 1150 1231 quinque
1174 1185 1272 1221 milia
1295 1196 1377 1232 pas-

152 1259 254 1283 suum
278 1258 349 1283 uno
375 1245 431 1282 die
458 1258 618 1282 emensus
644 1250 717 1289 est,
760 1249 801 1282 ut
831 1247 948 1292 ignem
981 1258 1120 1282 sacrum
1143 1246 1290 1294 Delphis
1322 1247 1377 1283 af·

150 1308 273 1351 ferret,
307 1311 344 1343 et
378 1308 498 1343 statim
532 1311 606 1342 tum
643 1307 796 1343 moriens
829 1307 991 1344 concidit.
1050 1308 1164 1351 Quum
1193 1309 1279 1345 mihi
1303 1321 1376 1345 non

151 1369 384 1415 persuaserim
409 1369 585 1405 hominem
612 1371 752 1404 tantum
777 1368 929 1415 spatium
954 1369 1089 1406 itineris
1105 1371 1240 1406 emetiri
1263 1382 1375 1417 posse,

152 1435 265 1469 totum
293 1443 367 1468 esse
391 1431 513 1468 fictum
541 1436 638 1478 puto.
688 1431 854 1468 Fortasse
883 1435 960 1468 erat
992 1433 1124 1479 templo
1148 1433 1282 1470 Dianae
1304 1434 1377 1470 Eu·

152 1495 260 1530 cleiae
277 1494 476 1540 sepulcrum
494 1498 528 1529 et
547 1493 593 1529 ad
611 1493 648 1529 id
665 1493 760 1539 quod
774 1494 962 1539 permirum
979 1498 1056 1531 erat
1074 1496 1376 1542 interpretandum

152 1556 350 1594 sacerdotes
374 1556 442 1592 hoc
466 1555 625 1591 ementiti
650 1558 751 1598 sunt,
791 1555 898 1601 quod,
923 1567 1031 1601 quum
1056 1569 1145 1593 unus
1169 1569 1214 1593 ex
1238 1558 1377 1594 Platae-

152 1619 293 1654 ensibus
318 1618 383 1653 tali
408 1618 512 1653 modo
537 1622 685 1653 mortem
710 1629 895 1663 perpessus
927 1622 1038 1661 esset,
1070 1619 1125 1654 his
1156 1630 1290 1655 summo
1313 1620 1377 1656 ho·

152 1681 230 1717 nori
255 1684 342 1716 erat.
392 1679 471 1716 Huc
494 1679 648 1723 accedit,
689 1680 785 1725 quod
818 1681 997 1717 novissimi
1028 1693 1148 1727 ‚versus
1178 1685 1259 1726 sunt
1282 1682 1376 1726 talis,

152 1743 213 1788 qui
237 1743 424 1788 religiones
448 1746 485 1778 et
509 1753 625 1778 mores
650 1742 865 1778 Boeotorum
889 1746 963 1778 tam
991 1743 1079 1779 bene
1103 1737 1313 1790 cognoverit,
1337 1748 1377 1781 ut

152 1805 200 1848 is,
226 1805 288 1851 qui
311 1816 383 1840 non
409 1807 486 1841 erat
510 1803 686 1848 Boeotus,
710 1804 865 1842 scribere
889 1816 961 1841 non
984 1805 1147 1852 potuerit.

248 1868 332 1914 Cap.
360 1868 443 1904 XXI
467 1871 591 1905 narrat
615 1869 769 1905 omnium
794 1868 1010 1905 Graecorum
1035 1867 1110 1904 dies
1141 1867 1248 1904 festos
1271 1868 1378 1905 Eleu-

152 1930 345 1967 theriorum
382 1930 529 1967 victoria
569 1928 764 1967 celebratos
804 1930 983 1967 institutos
1021 1941 1096 1966 esse
1134 1933 1171 1966 et
1199 1929 1377 1975 describit,

154 1993 329 2038 quomodo
353 1993 480 2029 feralia
502 1993 539 2028 in
562 1992 734 2029 honorem
750 1993 1017 2029 interfectorum
1041 1992 1137 2028 edita
1153 1992 1232 2028 sint.
1280 1992 1376 2030 Haec

154 2054 223 2091 duo
256 2055 426 2091 solemnia
460 2054 710 2101 distinguenda
742 2058 834 2091 sunt.
891 2054 986 2090 Illud
1023 2054 1119 2090 cadit
1153 2055 1190 2090 in
1223 2066 1377 2091 mensem

154 2115 362 2158 Panemum,
396 2115 464 2151 hoc
494 2116 532 2150 in
569 2127 724 2152 mensem
749 2116 1026 2152 Alalcomenium
1059 2119 1122 2151 aut
1144 2115 1246 2151 fastis
1268 2116 1378 2152 Athe-

154 2176 327 2213 niensium
343 2175 678 2214 Maimacterionem.
727 2178 780 2214 De
806 2177 869 2214 illo
893 2177 981 2214 dicit
996 2177 1208 2215 Plutarchus
1233 2178 1270 2214 in
1294 2190 1376 2215 oon-

154 2239 254 2274 cione
288 2238 444 2278 omnium
478 2237 695 2275 Graecorum
724 2238 911 2275 Aristidem
941 2239 1081 2282 tulisse,
1116 2242 1158 2276 ut
1188 2240 1377 2285 quotannis

152 2304 347 2336 ‚conventus
372 2299 589 2337 Graecorum
614 2300 776 2337 Plataeas
808 2300 1009 2336 conveniret
1033 2304 1069 2337 et
1092 2300 1215 2346 quinto
1239 2311 1378 2346 quoque
