1520 2520
670 107 672 109 >
750 91 799 128 22

162 197 291 235 Noster
314 197 474 235 ordinem
496 200 631 243 mutat,
659 209 769 246 quum
792 197 851 235 hic
875 200 1054 236 cel-tamen
1077 200 1115 236 et
1134 197 1279 236 tandem
1302 201 1381 246 mp-

162 259 416 308 XIVpugnam
439 263 572 297 narret.
618 259 900 307 Exquoordine
926 259 1227 308 concludipotsst
1249 258 1383 305 soum

162 321 345 360 Plutarchi
365 325 440 359 tum
456 325 634 360 certamen
649 322 758 369 fuisse
772 325 931 370 putasse,
955 334 1065 369 quum
1087 321 1216 361 Graeci
1230 322 1382 371 primurn

162 384 279 422 locum
302 388 484 429 tenerent,
523 388 607 422 ante
629 396 784 432 pugnam
806 384 925 429 illan,
967 395 1183 432 quamquam
1204 384 1300 437 hunc
1321 395 1383 423 eos

162 449 317 485 mutasse
340 447 553 494 Plutarchus
577 459 648 485 non
672 446 794 493 affert,
818 451 883 485 aut
904 448 943 485 id
966 446 1062 495 quod
1076 446 1266 485 verisimile
1285 445 1384 485 vide-

162 514 222 547 tur
236 522 309 546 non
326 521 411 553 esse,
435 510 664 547 Plutarchum
679 511 796 557 ipsum
812 510 970 547 ordinem
985 512 1142 547 mutasse
1156 508 1382 559 statuendum

162 576 225 610 est.
276 572 508 609 Consentiunt
530 576 649 610 autem
672 572 765 610 inter
780 583 818 610 se
833 575 974 611 tantum
995 572 1035 610 in
1050 583 1090 610 re
1104 571 1194 620 ipsa.
1241 571 1383 611 Plutar-

162 636 250 672 chus
274 636 369 672 enim
384 635 555 682 Tegeates
577 647 634 672 res
657 635 860 673 benefactae
875 636 1047 673 maiorum
1070 637 1236 673 narrasse
1257 638 1383 673 auctor

162 701 233 742 est,
257 709 372 745 neque
394 691 477 734 vero
500 698 577 746 ipse
600 701 735 735 narrat.
783 698 852 735 Pro
869 697 1142 744 Atheniensibus
1166 700 1285 735 autem
1301 697 1383 735 Ari-

162 761 289 798 stidem
313 761 488 798 dicentem
508 760 599 798 facit
629 764 769 808 tempus
801 773 874 798 non
898 761 966 798 sibi
989 761 1191 807 permittere
1215 771 1297 797 cum
1316 758 1384 797 Te-
1403 801 1405 804 Α

161 824 274 872 geatis
305 823 534 868 contendere,
573 823 646 860 utri
681 823 849 861 clariores
879 823 967 867 sint,
1012 822 1075 859 sed
1106 833 1217 869 quum
1246 831 1383 869 semper

161 887 270 925 fortes
293 900 331 925 se
353 885 548 934 praebituri
572 886 661 930 sint,
701 897 772 932 quo
803 885 883 923 loco
907 888 1019 929 stent,
1060 884 1192 922 nullius
1215 884 1384 922 momenti
1431 880 1439 888 ”

161 959 257 993 esse,
281 952 322 984 ut
346 948 454 985 duces
476 951 672 984 ceterarum
696 948 878 984 civitatum
901 947 953 983 eis
975 947 1129 984 alterum
1151 957 1262 983 cornu
1283 943 1380 983 dent.

161 1010 361 1048 Herodotus
393 1009 483 1047 duas
524 1006 700 1047 orationes
730 1008 852 1053 affert,
892 1009 1019 1055 quibus
1056 1009 1197 1056 utrique
1230 1008 1383 1047 maiores

161 1071 320 1109 laudant·
369 1071 551 1107 Postremo
582 1069 723 1117 quidem
756 1069 989 1107 Athenienses
1022 1069 1081 1113 (de
1104 1068 1261 1106 Aristide
1292 1068 1383 1106 nihil
1409 1087 1415 1094 ·

161 1135 262 1178 dicit)
288 1133 382 1170 idem
407 1132 605 1176 affimant,
634 1131 729 1178 quod
752 1133 791 1168 in
814 1131 1005 1169 Plutarcho
1030 1131 1200 1178 scriptum
1223 1130 1381 1178 legimus,

161 1196 222 1233 sed
234 1195 422 1232 arbitrium
434 1194 705 1232 Atheniensibus
719 1193 910 1232 secundm
921 1197 1018 1232 totus
1027 1192 1382 1231 Lacedaemoniorum

102 1247 109 1252 ¹
161 1257 335 1294 exercitus
358 1256 454 1293 solus
478 1257 632 1293 clamore
655 1254 728 1293 dat.

250 1317 387 1355 Motum
425 1328 448 1354 a
479 1317 660 1354 nonnullis
699 1316 810 1353 nobili
854 1316 933 1353 loco
969 1317 1056 1353 ortis
1096 1315 1379 1360 Atheniensibus,

155 1381 217 1428 qui
248 1380 342 1418 bello
374 1380 422 1418 ad
454 1382 700 1427 paupertatem
736 1379 872 1416 redacti
908 1382 1027 1425 erant,
1070 1379 1117 1416 ad
1154 1379 1381 1417 evertendum

156 1454 267 1490 genus
297 1443 349 1479 rei
372 1442 536 1490 publicae
566 1441 738 1491 populare
767 1441 901 1479 factum
935 1441 997 1479 sed
1028 1441 1075 1479 ab
1099 1440 1254 1479 Aristide
1284 1452 1381 1479 com-

155 1518 316 1554 pressum
339 1517 431 1549 esse,
467 1516 681 1551 quamquam
705 1504 917 1542 Plutarchus
950 1504 1045 1542 solus
1075 1508 1216 1549 narrat,
1256 1507 1377 1543 tamen

156 1580 265 1616 quum
288 1579 398 1615 genus
421 1567 562 1605 dicendi
584 1566 678 1604 idem
703 1567 760 1611 sit,
783 1566 879 1614 quod
900 1567 939 1604 in
963 1567 1014 1604 eis
1036 1577 1129 1613 quae
1159 1566 1377 1613 pneceduut

156 1636 193 1668 et
219 1634 432 1677 sequnntur,
457 1642 501 1667 ex
525 1630 647 1667 eodem
671 1630 770 1666 fonte
792 1629 935 1666 fluxerit
966 1631 1196 1666 necesse'est.

249 1693 408 1741 Pugnam
424 1692 582 1740 equitum
598 1703 678 1729 cum
697 1690 969 1728 Atheniensibus
984 1690 1117 1729 factam
1130 1694 1170 1730 ‚et
1180 1690 1378 1729 Masistium

155 1756 378 1793 interfectum
401 1766 497 1798 esse,
538 1766 647 1800 quum
671 1765 744 1791 non
769 1754 884 1790 solum
907 1754 1107 1791 Herodotus
1129 1754 1196 1798 IX,
1236 1754 1379 1791 20-24

155 1817 218 1853 sed
241 1817 347 1853 etiam
372 1815 547 1852 Diodorus
571 1816 635 1860 30,
659 1815 754 1852 2-5
777 1818 917 1861 narret,
940 1815 1081 1853 facilius
1104 1816 1150 1853 de
1172 1816 1272 1853 fonte
1295 1816 1379 1853 Plu-

154 1879 271 1916 tarchi
294 1890 463 1925 quaerere
485 1889 681 1925 possumus.
730 1877 768 1914 Si
799 1889 869 1924 quo
900 1877 1024 1915 ordine
1054 1889 1172 1915 rerum
1202 1877 1378 1915 Diodorus

154 1952 239 1978 usus
263 1941 327 1984 sit,
360 1940 562 1977 accuratius
590 1940 939 1988 pertractaverimus,
971 1939 1212 1987 unusquisque
1235 1939 1379 1978 mirabi-

155 2007 235 2048 tur,
263 2003 377 2050 quod,
409 2006 599 2050 postquam
623 2003 732 2040 aciem
763 2006 993 2049 utrorumque
1015 2002 1216 2050 descripsit,
1245 2003 1378 2040 statim

154 2065 201 2102 ad
224 2065 292 2103 hoc
324 2065 466 2102 transit.
515 2064 727 2102 Plutarchus
756 2065 854 2102 illam
891 2068 1015 2102 narrat
1038 2076 1115 2112 cap.
1140 2064 1208 2109 XI,
1247 2065 1316 2102 hoc
1339 2065 1378 2102 in

154 2129 294 2170 nostro,
334 2130 375 2163 ut
406 2127 500 2163 inter
529 2126 617 2163 haec
650 2138 692 2163 ea
707 2126 839 2173 *capita
852 2154 863 2170 ,
904 2137 996 2173 quae
1023 2126 1129 2163 modo
1151 2125 1377 2173 pertractavi,
1423 2124 1427 2125 ⁷

153 2190 302 2226 iaceant.
350 2189 406 2226 Ex
430 2189 553 2226 ordine
576 2191 695 2226 autem
718 2188 865 2225 Diodori
888 2187 1058 2233 efficitur,
1095 2191 1152 2232 ut,
1189 2188 1258 2225 nisi
1280 2188 1377 2225 lacu-

153 2262 236 2289 nam
260 2250 462 2295 statuimus,
496 2252 596 2289 cuius
623 2251 676 2288 rei
706 2261 869 2288 caussam
902 2261 975 2288 non
998 2250 1120 2294 video,
1154 2249 1263 2286 etiam
1296 2248 1376 2286 fons

154 2313 244 2357 eius,
276 2312 457 2360 Ephorus,
498 2313 545 2350 ad
574 2315 758 2351 narratam
786 2313 897 2350 aciem
927 2313 995 2349 hoc
1026 2312 1147 2349 statim
1170 2311 1378 2349 adnexum-it
1392 2348 1401 2351 ,
