1520 2520
703 96 805 158 '39

170 229 327 276 spicunm
359 232 433 276 est,
472 228 636 265 Boeotico
668 232 763 265 certe
795 240 880 265 usus
917 232 990 273 est,
1031 241 1144 275 neque
1182 240 1265 265 vero
1299 233 1385 276 puto

170 285 377 337 scriptorem
407 291 598 327 excussisse
629 303 728 334 enm,
769 302 878 336 quum
913 291 958 327 de
991 291 1237 328 Boeoticarnm
1266 303 1384 328 rernm

170 353 398 400 scriptoribus
421 353 510 389 nihil
534 354 619 389 satis
644 355 791 396 constet,
817 353 879 389 sed
898 353 971 399 ipsi
994 353 1087 389 hanc
1110 356 1248 400 partem
1271 353 1385 390 tribu-

169 416 301 453 endam¹
320 428 403 453 esse.
455 416 597 452 Certum
620 416 688 452 hoc
713 427 788 452 esse
813 415 900 452 mihi
924 415 1090 460 videtur,
1112 415 1173 452 ubi
1195 414 1299 463 μέχρι
1323 418 1386 452 νῦν

169 478 287 524 affe1t3
329 480 452 516 ceteris
484 479 570 515 locis
601 479 669 521 eis,
710 489 799 524 quae
823 478 1022 515 sacerdotes
1045 479 1168 525 templi
1192 479 1385 522 cuiusdam,
1405 521 1407 523 v

169 541 319 577 fortasse
351 540 527 577 Minervae
551 541 715 576 Eucleiae
745 543 781 576 et
809 539 900 576 Iovis
924 541 1134 585 Eleutherii,
1173 542 1300 578 litteris
1322 546 1386 578 aut

169 601 283 637 verbis
305 602 455 647 posteris
479 601 714 645 tradiderant,
744 613 828 637 usus
854 605 917 637 est.
968 602 1065 645 Quae
1089 603 1210 638 omnia
1231 603 1324 639 inter
1347 614 1384 638 se

169 665 357 700 coniunxit.
407 663 508 706 Quod
526 675 739 709 quamquam
763 676 785 699 a
808 663 984 699 scribendi
1007 676 1134 710 genere
1155 665 1231 701 eius
1253 665 1383 701 abhor-

169 728 236 768 ret,
274 727 393 760 tamen
416 724 474 759 hic
498 736 570 759 non
594 724 784 770 permirum
817 727 885 768 est,
923 736 1030 770 quum
1062 737 1190 772 magno
1216 726 1382 763 Boeotiae

168 796 287 821 amore
309 785 413 820 facile
436 785 670 829 adducamur,
700 789 740 821 ut
764 786 961 830 credamne,
995 797 1074 822 eum
1105 787 1220 822 studio
1244 788 1381 833 patriae

168 849 347 885 ornandae
378 852 588 885 commotum
611 861 681 885 non
716 849 830 885 solum
863 849 1085 896 exscripsisse
1116 861 1160 886 ex
1185 850 1264 886 aliis
1289 862 1380 896 quae

166 915 344 954 narraret,
384 911 445 947 sed
484 911 589 947 etiam
629 911 743 957 ipsum
774 912 1016 957 composuisse.
1079 910 1237 957 Denique
1272 924 1380 958 quum

167 973 349 1008 consilium
379 972 471 1007 idem
496 973 556 1014 sit,
597 984 672 1018 cap.
698 972 756 1008 XI.
788 973 899 1008 eidem
931 972 1021 1007 fonti
1054 972 1280 1008 tribuendum
1306 985 1381 1009 esse

167 1033 351 1070 verisimile
376 1037 439 1069 est.
1416 1069 1419 1071 ,

260 1096 367 1141 Capp.
389 1096 681 1139 XXIII—XXIV,
705 1099 737 1141 ξ.
764 1098 787 1131 4
810 1100 934 1132 narrat
951 1097 1177 1139 Plutarchus,
1202 1097 1378 1142 quomodo

165 1158 288 1195 foedus
310 1157 356 1194 ab
373 1157 641 1203 Atheniensibus
658 1170 735 1194 cum
752 1158 894 1195 Ionibus
910 1159 1019 1195 ictum
1041 1160 1095 1195 sit.
1144 1158 1239 1202 Quas
1255 1169 1380 1204 quam-

165 1232 271 1266 quam
294 1232 350 1256 res
373 1221 502 1257 iterum
523 1221 623 1255 initio
647 1221 740 1255 vitae
756 1219 908 1256 Cimonis
927 1220 1016 1256 nihil
1041 1220 1138 1256 alind
1162 1220 1230 1256 nisi
1253 1220 1378 1265 tangit,

165 1287 284 1320 tamen
299 1277 301 1279 ¹
315 1282 417 1319 nobis
450 1282 691 1330 gravissimum
722 1285 793 1327 est,
834 1282 928 1328 quod
961 1294 1003 1318 ea
1034 1294 1124 1329 quae
1159 1283 1197 1319 in
1230 1282 1381 1319 Aristide

166 1343 268 1380 affert
300 1344 463 1390 supplere
486 1343 664 1379 nonnullis
689 1344 774 1380 locis
795 1355 988 1390 possumus.
1037 1344 1247 1387 Herodotus,
1271 1356 1379 1390 quum

167 1417 298 1442 nonum
334 1405 463 1441 librum
505 1408 705 1451 expugnata
738 1405 837 1441 Sesto
877 1405 1081 1451 abrumpat,
1121 1416 1192 1441 non
1229 1405 1379 1452 amplius

165 1468 202 1503 in
226 1468 522 1512 comparationem
553 1467 740 1502 vertendus
764 1470 834 1510 est,
866 1467 927 1513 sed
950 1467 1168 1513 Thucydides
1200 1467 1295 1502 brevi
1318 1479 1379 1501 ex-

166 1529 337 1576 positione
361 1540 477 1564 rerum
501 1540 523 1564 a
549 1529 690 1564 Graecis
707 1528 960 1574 quinquaginta
982 1527 1053 1563 illis
1076 1527 1178 1563 annis
1202 1530 1378 1573 gestarum

167 1592 294 1627 bonam
318 1602 440 1626 ansam
464 1591 565 1625 nobis
589 1589 719 1625 datad
744 1589 978 1625 definiendum
1003 1589 1135 1624 fontem
1161 1589 1352 1624 Plutarchi.

260 1651 301 1687 In
324 1650 510 1687 narrandis
535 1651 584 1686 eis
608 1650 729 1694 rebus,
754 1649 880 1695 quibus
905 1661 1040 1686 summa
1062 1649 1200 1696 imperii
1224 1661 1246 1685 a
1271 1649 1379 1686 Lace·

165 1713 357 1749 daemoniis
371 1713 417 1748 ad
439 1712 664 1747 Athenienses
679 1712 972 1754 transferebatur,
996 1723 1116 1747 omnes
1135 1723 1253 1747 rernm
1269 1712 1379 1757 scrip-

165 1780 259 1812 tores
283 1776 318 1811 in
344 1786 385 1811 eo
410 1775 647 1818 consentiunt,
678 1775 773 1820 quod
796 1775 966 1821 asperitas
990 1774 1185 1810 Pausaniae
1208 1776 1244 1809 et
1268 1772 1378 1809 Athe-

164 1839 334 1875 niensium
358 1837 555 1873 iucunditas
579 1837 690 1872 socios
716 1837 878 1880 adduxit,
908 1840 948 1873 nt
978 1837 1024 1872 ad
1048 1837 1112 1872 hos
1136 1836 1376 1872 desciscerent.

165 1903 266 1939 Illius
298 1901 489 1947 singulares
521 1904 625 1936 notae
658 1901 694 1936 in
727 1900 923 1936 universum
955 1912 977 1936 a
1002 1899 1154 1935 Diodoro
1184 1899 1250 1942 44,
1283 1898 1317 1934 5.
1342 1902 1378 1934 et

165 1965 369 2012 singillatim
404 1976 426 2000 a
448 1963 649 2010 Thucydide
677 1963 711 2006 Ι,
748 1962 811 2006 95,
852 1963 881 1998 1.
915 1965 951 1998 et
986 1962 1066 2004 130,
1106 1961 1136 1996 1.
1167 1959 1374 1996 afferuntur.

165 2029 231 2065 Hic
254 2028 427 2065 consentit
450 2039 529 2063 cum
546 2026 754 2068 Plutarclm,
778 2026 838 2072 qni
863 2024 1002 2071 quidem
1025 2024 1106 2070 plns
1129 2023 1242 2067 affert,
1266 2035 1374 2069 quum

166 2090 260 2127 solus
283 2092 446 2126 accurate
470 2091 606 2130 narret,
638 2086 811 2133 quomodo
837 2086 1030 2122 Pausanias
1059 2097 1096 2121 se
1125 2085 1272 2131 gesserit
1295 2097 1379 2132 erga

165 2157 298 2190 ceteros
322 2152 474 2187 Graecos
498 2154 534 2195 et
560 2149 764 2192 Aristidem,
787 2148 824 2184 id
848 2148 942 2194 qnod
968 2159 1089 2197 neque‘
1103 2147 1150 2183 ab
1171 2147 1243 2184 alio
1268 2148 1379 2194 scrip-

164 2219 240 2252 tore
263 2217 428 2263 narratur
438 2224 552 2257 neque
575 2212 613 2247 in
637 2212 708 2247 vita
732 2210 885 2246 Cimonis
910 2210 1078 2256 scriptum
1102 2209 1259 2256 legimns.
1310 2210 1378 2247 Sed

164 2279 202 2314 in
224 2279 374 2322 utraque
403 2275 474 2311 vita
503 2274 575 2310 fere
606 2273 737 2309 eisdem
767 2272 897 2314 verbis,
938 2271 1112 2317 quomodo
1147 2271 1377 2308 Athenienses

145 2335 275 2376 'socios
299 2334 495 2379 allexerint,
519 2335 728 2372 Plutarchus
751 2334 905 2380 exponit,
929 2345 1037 2379 quum
1061 2333 1200 2370 tantum
1218 2345 1259 2370 eo
1285 2334 1379 2370 inter
