1520 2520
768 101 815 137 ᾖ
866 73 868 76 ,

180 210 364 256 utriusque
386 208 498 247 libelli
520 219 674 246 errorem
697 208 836 246 efficere
858 211 986 256 posset.
1034 209 1125 246 Nam
1147 201 1260 248 utsibi
1272 209 1320 248 id
1341 209 1396 250 in-v

180 271 303 320 primis
331 271 420 318 egit,
460 274 502 307 ιιι
532 269 651 307 omnia
681 270 891 316 requireret,
930 281 1021 316 quae
1049 270 1220 311 Heroden·
1246 265 1395 318 doniam

179 333 385 371 imminuere
408 335 569 380 possent,
592 332 644 369 ita
667 331 727 369 hic
743 323 870 369 merita
885 335 921 369 et
940 332 1086 369 virtutes
1102 332 1265 372 Aristidis
1287 342 1395 379 quan

179 395 333 433 maxime
353 406 482 443 augere
504 395 632 444 studet.
682 395 796 438 Quam
827 395 873 431 ob
903 406 979 432 rem
1009 395 1068 432 hio
1090 398 1216 432 narrat
1237 395 1276 432 id
1299 396 1395 442 quod

178 457 229 495 ibi
251 461 369 505 negat,
393 468 507 504 neque
520 457 707 504 vituperat,
733 469 842 503 quum
866 457 1011 494 consilio
1031 460 1155 504 aptum
1170 457 1226 495 sit.
1273 453 1395 506 Neque

178 530 261 556 vero
300 519 338 556 id
376 519 472 565 quod
503 518 739 556 Herodotum
759 522 884 556 testem
919 518 1023 556 affert
1063 519 1255 566 quidquam
1289 518 1395 563 valet,

178 592 288 628 quum
312 593 357 618 ex
380 593 451 628 quo
476 585 591 619 ortum
615 582 662 618 sit
689 581 835 619 dubium
856 593 929 619 non
959 583 1016 619 sit.
1063 582 1178 625 Quum
1209 581 1304 619 enim
1331 593 1395 620 ‘res

178 643 285 690 plane
308 642 412 680 aliter
434 646 625 680 narrentur
647 647 754 690 atque
777 643 824 680 ab
847 642 1048 687 Herodoto,
1075 642 1152 679 fieri
1172 654 1246 685 non
1268 645 1395 690 potest,

177 708 220 742 ιιι
241 706 317 752 ipse
340 705 408 742 hoc
430 716 516 741 usus
540 706 605 749 sit,
632 704 681 742 ‘et
712 706 757 742 ob
789 717 866 742 eam
891 717 966 742 rem
988 705 1058 742 hoc
1080 717 1100 742 e
1124 705 1222 742 fonte
1246 717 1310 742 suo
1334 705 1395 743 de-

179 766 367 814 sumpserit
390 777 504 813 neque
527 768 602 814 ipse
616 766 792 805 addiderit
819 778 960 804 necesse
982 770 1046 804 est.
1093 767 1181 804 Tum
1194 778 1268 804 non
1281 767 1394 812 video,

177 841 242 866 cur
264 830 344 866 fons
368 829 436 866 hoc
462 829 541 867 loco
565 830 782 868 Herodotum
804 832 930 866 testem
965 819 1140 874 attulerit,
1173 830 1304 877 quippe
1322 842 1394 877 quo

177 904 258 929 eum
282 892 386 929 etiam
410 891 531 928 multis
554 891 635 928 aliis
658 891 745 929 locis
768 903 870 927 usum
888 902 964 927 esse
986 902 1100 938 neque
1122 891 1323 928 nominasse
1344 892 1395 929 eis

176 953 509 1002 quampraocodunt
531 957 567 991 et
590 957 785 1001 sequuntur
801 953 1071 991 demonstretur.
1120 953 1395 1002 Videtur‘igitur

175 1029 251 1054 rem
274 1017 350 1064 ipse
372 1027 445 1053 non
468 1015 657 1053 credidisse
681 1020 717 1053 et
733 1016 926 1063 periculum
950 1016 1087 1052 auctori
1106 1010 1305 1054 mdidim.
1351 1017 1394 1053 In

177 1090 220 1115 eo
244 1078 386 1124 quidem
408 1088 511 1114 nemo
535 1078 704 1122 offendet,
729 1077 824 1124 quod
847 1076 1046 1114 Herodotus
1068 1080 1208 1114 tantum
1229 1077 1276 1115 de
1296 1077 1395 1115 duci-

177 1141 244 1178 bus
284 1141 550 1177 Atheniensium
590 1140 767 1187 loquitur,
808 1151 918 1185 quum
958 1139 1168 1176 Plutarchus
1206 1140 1394 1177 Aristidem

175 1203 318 1247 afferat,
358 1205 466 1249 amne
488 1203 527 1239 in
551 1203 710 1239 oratione
733 1202 943 1245 Pausaniae,
983 1213 1056 1248 qua
1078 1202 1308 1239 Athenienses
1329 1202 1394 1239 ad·

175 1265 355 1308 hortatur,
379 1266 422 1301 ut
443 1263 555 1300 aciem
572 1275 691 1300 secum
706 1267 861 1308 mutent,
885 1263 1028 1300 easdem
1042 1263 1233 1300 sententias
1248 1266 1395 1310 uterque

176 1326 295 1371 habet,
320 1326 382 1363 sed
407 1325 607 1363 Herodotus
632 1329 758 1363 auctor
779 1329 834 1363 est
856 1337 930 1362 non
947 1325 1062 1363 solum
1079 1325 1306 1363 Athenienses
1322 1329 1395 1363 sta·

177 1388 1091 1427 timaccessissesodetiamdixissedeearese
1120 1388 1193 1426 iam
1222 1389 1395 1437 cogitasse

175 1463 290 1499 neque
313 1462 396 1489 vero
422 1462 526 1488 ausos
549 1462 627 1489 esse
651 1450 766 1498 loqui,
789 1462 899 1498 quum
915 1450 1126 1488 Plutarchus
1147 1453 1270 1488 narret
1291 1462 1395 1499 aegre

175 1527 236 1551 eos
259 1515 398 1558 tulisse,
430 1514 527 1560 quod
549 1515 588 1550 in
611 1514 679 1550 hoc
702 1511 940 1560 periculorum
972 1513 1078 1560 pleno
1101 1513 1181 1550 loco
1204 1514 1397 1550 constitues

175 1580 316 1620 rentur,
348 1575 411 1613 sed
442 1580 630 1624 postquam
657 1575 827 1613 Aristides
851 1576 901 1613 eis
930 1576 1147 1623 exposuisset
1181 1575 1299 1613 locum
1330 1576 1394 1613 ho-

175 1639 255 1676 nori
278 1650 365 1683 esse,
388 1649 498 1685 quum
525 1641 561 1674 et
584 1638 687 1684 quasi
704 1644 877 1674 summam
899 1638 1039 1684 imperii
1063 1638 1265 1684 acciperent
1279 1649 1393 1685 neque

174 1713 255 1738 cum
271 1700 500 1748 popularibus
525 1702 733 1748 pugnarent,
758 1700 885 1736 animis
908 1699 1080 1746 promptis
1102 1699 1213 1736 aciem
1229 1701 1393 1736 mutasse.
1427 1734 1432 1740 ,

175 1763 261 1800 Fine
288 1763 414 1810 capitis
430 1762 583 1800 breviter
599 1765 724 1799 narrat
741 1762 911 1806 Graecos,
937 1774 1045 1808 quum
1061 1761 1168 1799 etiam
1189 1761 1394 1799 Mardonius

175 1826 287 1863 aciem
311 1828 497 1869 mutasset,
535 1826 574 1861 in
605 1825 726 1871 priora
757 1824 836 1861 loca
864 1824 1008 1861 rediisse
1029 1836 1144 1871 neque
1167 1835 1275 1871 quum
1298 1825 1394 1862 solas

174 1901 231 1926 res
254 1892 371 1936 gestas
393 1890 524 1932 narret,
548 1888 652 1925 valde
675 1887 722 1924 ab
737 1887 916 1924 Herodoto
941 1887 1110 1924 abhorret
1131 1889 1168 1924 et
1190 1891 1331 1925 tantum
1353 1889 1393 1926 in

175 1962 217 1988 eo
247 1950 451 1997 discrepant
482 1950 575 1986 inter
598 1961 653 1993 se,
682 1948 778 1995 quod
801 1948 862 1985 ille
892 1952 1015 1986 narrat
1044 1948 1228 1987 Thebanos
1250 1949 1393 1988 Mardo—

174 2012 235 2049 nio
258 2011 490 2049 mutationem
512 2011 710 2055 nuntiasse,
742 2022 849 2058 quum
880 2010 938 2047 hic
962 2010 1007 2047 de
1030 2009 1170 2048 Boeotis
1193 2012 1232 2048 in
1254 2012 1393 2048 univer·

176 2086 254 2111 sum
277 2073 453 2120 loquatur.
504 2073 635 2110 Multas
658 2076 774 2110 autem
800 2085 857 2110 res
881 2073 1027 2117 omittit,
1059 2085 1148 2120 quas
1174 2063 1235 2111 ille
1258 2077 1393 2119 namt,

174 2137 300 2174 Persas
331 2148 539 2184 praeconem
572 2137 620 2173 ad
655 2137 809 2173 Graecos
843 2137 977 2173 misisse
1012 2140 1049 2173 et
1084 2148 1127 2173 ea
1162 2148 1253 2182 quae
1289 2149 1391 2185 capp.
1441 2176 1448 2180 ,

175 2199 452 2236 XXXXlX—LI
474 2199 620 2246 exponit
647 2200 685 2236 in
709 2199 935 2236 novissimum
958 2198 1179 2236 enuntiatum
1203 2198 1392 2242 contrahit,

175 2266 216 2300 ut
238 2262 408 2307 sufficiat,
431 2262 526 2308 quod
549 2274 606 2299 res
628 2263 727 2309 ipsae
750 2275 822 2299 non
846 2275 963 2300 secum
986 2265 1152 2309 pugnent.
