1520 2520
752 113 799 149 34

162 223 270 265 atque
294 222 410 256 antea.
459 220 581 266 Neque
612 221 705 256 enim
735 219 811 256 fieri
844 224 975 268 potest,
1013 225 1053 257 ut
1084 232 1203 257 rerum
1230 221 1381 268 scriptor

163 281 306 327 quidam
330 285 404 318 tam
433 281 588 317 diversas
612 294 668 318 res
700 293 771 318 uno
796 285 917 318 tenore
933 281 1139 317 narraverit.
1188 280 1380 318 Pausanias

162 343 231 386 IX,
265 343 311 378 25
344 347 469 378 narrat
500 347 640 378 tantum
672 343 743 378 tria
775 342 937 388 sepulcra
968 342 1064 378 facta
1095 353 1189 385 esse,
1231 353 1380 388 quorum

162 416 271 440 unum
307 402 591 447 Atheniensium,
638 404 789 440 alterum
822 402 1197 447 Lacedaemoniorum,
1236 405 1380 441 tertium

163 469 358 502 ceterorum
385 465 600 501 Graecorum
625 466 763 508 suisset,
787 465 848 501 sed
873 477 982 511 quum
1005 466 1113 502 verba
1136 463 1184 501 τὰ
1206 464 1380 514 μνήματα

162 529 266 565 nimis
289 527 474 564 indefinita
507 528 594 571 sint,
631 527 810 565 Herodoto
843 528 1011 565 maiorem
1041 528 1146 565 fidem
1181 529 1378 566 tribuimus.

161 591 280 637 Tertia
304 603 429 627 caussa
454 591 559 637 plane
583 590 715 627 nullius
745 591 913 627 momenti
944 594 1006 627 est.
1055 590 1176 636 Neque
1207 591 1300 627 enim
1317 584 1380 626 ‘ex

162 654 389 700 inscriptione
412 664 496 689 arae
520 652 602 696 illa,
636 664 742 698 quam
774 653 856 689 albo
887 665 1061 689 marmore
1087 664 1195 700 prope
1219 652 1381 699 sepulcra
1429 675 1432 677 -

163 718 294 752 factam
318 727 393 751 esse
417 715 612 751 Pausanias
635 719 774 758 narrat,
808 727 916 760 quum
946 719 1085 751 tantum
1116 716 1153 751 in
1181 715 1379 756 universum

162 777 289 814 Graeci
312 777 556 819 nominentur,
581 776 642 822 qui
665 776 889 812 interfuerint
912 777 1095 820 victoriae,
1120 777 1234 813 dicere
1257 788 1381 823 possu-

162 851 249 875 mus.
299 839 375 874 Hae
399 839 507 884 igitur
531 850 675 875 caussae
705 839 795 875 nihil
824 839 1078 875 demonstrant.
1128 840 1160 875 A
1191 839 1380 891 Plutarcho

162 904 279 937 autem
304 901 381 947 ipso
399 911 457 936 eas
474 899 615 936 additas
632 911 707 936 esse
723 900 946 947 perspicuum
962 904 1026 944 est,
1049 900 1147 947 quod
1171 900 1238 945 „de
1255 900 1379 948 malig-

162 964 272 1000 nitate
289 962 370 1006 873,
387 962 433 998 6⁴⁶
458 962 611 1006 eaedem,
636 974 851 1008 quamquam
867 963 1042 1010 longiores
1059 966 1151 1006 sunt,
1175 962 1379 1000 afferuntur.
1415 949 1418 958 ,

162 1025 392 1070 Inscriptione
408 1025 472 1060 illa
488 1028 781 1060 commemoratur
795 1022 886 1068 Ζεὺς
905 1023 1127 1070 ἐλευθέριος,
1154 1027 1194 1061 ut
1210 1025 1380 1070 Didymus

160 1087 256 1134 apud
280 1086 594 1133 Harpocrationem
625 1085 729 1123 affert
754 1084 816 1123 διὰ
847 1085 890 1122 τὸ
915 1089 987 1122 τῶν
1007 1086 1188 1134 Μηδικῶν
1211 1083 1361 1123 ἅπαλλα

160 1151 263 1197 γῆναι
292 1147 377 1198 τούς
403 1145 624 1195 Ἀθηναίσυς
655 1151 690 1183 et
714 1159 791 1193 cap.
816 1148 867 1183 XI
894 1146 1146 1195 Zeug-omspffi
1180 1148 1240 1184 sed
1271 1133 1395 1184 ut-ink

160 1211 294 1248 scholio
330 1210 377 1246 ad
417 1209 593 1256 Aristoph.
630 1209 721 1245 Plut.
758 1209 849 1245 1175
886 1211 1053 1256 scriptum
1088 1210 1250 1256 legimus,
1274 1211 1380 1246 etiam

160 1271 368 1319 ἐλευθέριος
383 1272 641 1308 nominabatur.
689 1271 727 1307 Si
741 1272 849 1318 igitur
865 1272 1051 1308 statuimus
1068 1269 1159 1314 Ζεὺς
1175 1269 1382 1319 ἐλευθέριος

162 1336 311 1372 eundem
336 1347 411 1371 esse
435 1346 477 1371 ac
502 1332 593 1377 Ζεύς
618 1332 754 1382 σωτὴρ,
779 1334 954 1379 sequitur,
978 1338 1018 1369 ut
1050 1334 1118 1369 loci
1151 1333 1188 1369 hi
1220 1334 1312 1369 inter
1343 1344 1382 1369 se

163 1397 341 1434 coniuncti
366 1397 446 1432 sint.

258 1459 344 1495 Fine
367 1459 494 1505 capitis
510 1458 721 1494 Plutarchus
738 1458 830 1494 diem
845 1470 984 1504 pugnae
999 1458 1100 1494 fastis
1118 1459 1382 1495 Atheniensium

164 1524 269 1558 fuisse
294 1525 459 1567 quartum
492 1522 628 1573 mensis·
654 1520 919 1556 Boedromionis
947 1520 1048 1564 dicit,
1085 1520 1297 1557 Boeotorum
1332 1522 1383 1557 vi-

164 1585 330 1622 cesimum
348 1583 534 1629 septimum
558 1583 686 1618 mensis
711 1582 864 1619 Panemi.
916 1582 971 1618 Ab·
984 1582 1047 1618 illo
1063 1583 1250 1629 discrepat,
1274 1595 1382 1629 quum

165 1646 262 1682 Cam.
295 1644 378 1680 XIX
411 1648 447 1680 et
477 1644 600 1680 Moral.
635 1644 721 1687 349,
759 1639 783 1680 fss
824 1644 919 1680 dicat
953 1645 1095 1680 tertium
1134 1644 1226 1680 diem
1265 1644 1382 1681 fuisse.

166 1708 384 1753 Quamquam
411 1709 529 1742 autem
554 1705 648 1741 hunc
665 1716 818 1741 errorem
834 1717 898 1752 per
919 1706 1128 1752 scripturam
1153 1705 1284 1749 factum
1308 1717 1383 1742 esse

165 1774 346 1817 putamus,
388 1773 507 1805 tamen
531 1769 623 1804 diem
647 1780 785 1815 pugnae
810 1768 1000 1811 nescimus,
1042 1780 1149 1813 quum
1174 1768 1384 1804 Plutarchus

166 1833 239 1869 dies
263 1833 371 1868 festos
396 1832 584 1868 memoriae
609 1843 748 1878 pugnae
764 1831 943 1867 institutos
968 1842 1047 1867 cum
1072 1830 1127 1866 die
1144 1843 1283 1877 pugnae
1300 1842 1384 1867 con-

166 1896 301 1934 fundat.
356 1895 454 1932 Unde
478 1899 596 1932 autem
621 1894 707 1931 haec
723 1893 903 1938 fluxerint,
928 1906 972 1930 ex
998 1894 1047 1930 eis
1072 1905 1162 1939 quae
1189 1897 1383 1940 sequuntur

166 1961 270 1997 facile
294 1961 458 2006 cognosci
490 1963 614 2004 potest.
666 1957 877 2003 Plutarchus
911 1958 1003 1992 enim
1037 1957 1122 1993 dicit
1154 1970 1226 1994 non
1256 1958 1383 1994 mirum

167 2036 242 2061 esse
273 2035 391 2070 posse,
429 2021 524 2069 quod
558 2022 661 2057 inter.
681 2032 718 2056 se
749 2019 948 2066 discrepent
983 2023 1179 2066 temporum
1218 2022 1383 2065 rationes,

167 2099 275 2132 quum
299 2087 405 2121 etiam
437 2096 545 2127 nunc,
588 2095 801 2129 quamquam
832 2083 914 2119 fasti
945 2084 1093 2119 correcti
1116 2084 1205 2126 sint,
1244 2084 1383 2121 initium

168 2151 204 2184 et
228 2147 308 2183 finis
333 2146 504 2183 mensium
529 2157 601 2182 non
624 2146 716 2182 idem
749 2146 804 2182 sit.
854 2145 978 2192 Agitur
1009 2146 1169 2193 inprimis
1201 2146 1244 2183 de
1276 2147 1385 2184 inter-

168 2210 348 2258 pretandis
373 2210 487 2246 verbis
511 2208 573 2245 καὶ
597 2211 658 2244 νῦν
683 2207 973 2256 διηκριβωμένων
995 2210 1068 2244 τῶν
1098 2207 1136 2249 ἐν
1165 2205 1385 2258 ἀστρολογίᾳ

167 2270 316 2316 μᾶλλον.
373 2270 593 2315 Quamquam
625 2269 745 2305 multis
777 2269 864 2305 locis
896 2281 915 2305 e
938 2269 1037 2306 fonte
1061 2269 1254 2316 desumpsit
1276 2269 1385 2306 verba

168 2332 230 2370 καὶ
257 2335 335 2377 νῦν,
363 2337 481 2369 tamen
506 2344 576 2368 non
601 2332 712 2376 video,
736 2331 915 2378 quomodo
931 2331 1105 2378 reliquum
1116 2329 1196 2369 ‘tum
1212 2332 1385 2379 interpre-
