1520 2520
726 111 774 148 23

191 175 200 198 Ι

139 222 177 258 et
197 213 245 256 α’
262 225 355 266 quae.
377 218 589 258 Plutarchus
612 218 684 255 illis
708 219 881 266 capitibus
903 219 1063 256 narravit
1085 219 1243 256 omiserit
1265 222 1302 256 et
1319 219 1353 255 si

138 284 216 319 tum
238 280 284 319 ds
305 280 496 318 Plutarcho
520 280 778 326 concludimus,
817 282 992 329 sequitur,
1031 284 1073 318 ut
1104 281 1192 318 haec
1214 292 1259 317 ex
1282 279 1353 318 alio

139 343 365 389 ὶοιιὶοιιςιιο
386 342 531 390 Ephoro
553 343 796 391 desumpserit.
843 344 973 381 Nostro
998 344 1114 392 capite
1134 344 1224 381 bene
1257 343 1351 381 inter

139 414 178 444 ss
201 406 426 445 consentiunt
447 405 647 444 Herodotus
670 409 706 444 et
721 407 947 452 Plutarchus,
972 419 1079 454 quum
1095 409 1234 443 tannim
1249 405 1353 449 absit,
1387 407 1392 414 “

139 471 181 505 ut
201 467 306 505 valde
327 466 420 506 inter
443 480 480 505 se
501 468 718 516 discrepent,
752 473 793 506 ut
816 473 941 507 contra
964 469 1085 506 multis
1108 468 1196 506 locis
1224 468 1354 505 eisdem

138 530 260 568 vebis
277 533 434 568 utantur.
482 531 692 568 Plutarchus
715 520 875 579 appellet
896 532 1022 569 ducem
1044 532 1231 568 Persarum
1247 531 1354 567 Masi-

138 593 264 637 sfium,
284 593 483 631 Herodotus
505 594 723 639 Macisfiunh
746 595 808 632 ille
833 595 1061 637 Athenienses
1076 594 1264 631 Aristidem
1281 593 1354 630 Me-

138 657 345 704 garensibus
367 657 500 694 aun‘lio
514 658 652 694 misisse
675 659 836 704 exponit,
858 658 924 695 hic*
941 661 1081 695 tentum
1104 658 1148 694 de
1163 658 1353 695 Athenien-

140 718 238 755 sibus
266 718 305 755 in
334 718 534 755 universum
565 718 742 765 loquitur,
781 719 843 756 ille
866 719 1122 767 Megarensium
1154 719 1225 755 tria.
1254 718 1353 755 milis

138 780 247 817 fuisse
270 784 413 823 narrat,
437 780 496 817 hic
520 780 587 817 hoc
611 780 690 817 loco
713 792 787 817 non
808 780 929 825 affert,
952 781 1015 818 sed
1036 781 1106 825 IX,
1134 781 1181 818 28
1204 781 1352 817 eundem

139 852 321 879 numerum
346 841 495 879 exhibet.
546 841 709 879 Graviter
730 845 869 879 tantum
891 843 931 879 in
952 854 995 880 eo
1018 842 1228 887 abhorrent,
1258 842 1353 888 quod

138 917 248 952 quum
269 905 331 942 ille
353 905 480 942 Persas
502 905 687 942 interfecto
703 905 862 942 Mesistio
886 906 1016 952 fugisse
1039 908 1170 948 narret,
1193 905 1253 942 hic
1276 915 1354 942 cor·

138 977 205 1013 pus
236 976 375 1002 servare
407 969 553 1002 conatos
584 977 658 1002 esse
689 969 726 1002 et
756 966 985 1003 Athenienses
1018 966 1170 1013 graviter
1199 975 1353 1008 vexasse,

137 1029 250 1066 donec
282 1040 306 1065 a
336 1028 461 1065 ceteris
489 1028 659 1065 auxilium
695 1029 886 1075 petiissent.
934 1028 1031 1072 Quae
1067 1027 1187 1064 omnia
1222 1026 1353 1064 nullius

139 1089 307 1127 momenti
330 1091 414 1126 sunt
436 1100 522 1135 prae
545 1100 602 1133 eo,
645 1089 754 1135 quod,
795 1092 837 1126 ut
860 1092 976 1126 cetera
1006 1089 1184 1131 omitum,
1223 1087 1353 1124 eisdem

139 1151 253 1188 verbis
276 1154 442 1194 narrant,
480 1151 653 1196 quomodo
679 1151 906 1187 Athenienses
930 1151 1192 1197 Megarensibus
1221 1151 1353 1187 auxilio

139 1213 298 1251 venerint
320 1215 357 1249 et
378 1212 522 1250 barbari
545 1216 691 1249 mortem
715 1213 814 1250 ducis
837 1213 1000 1251 luxerint.
1050 1213 1120 1250 Sed
1153 1213 1261 1260 plane
1283 1212 1354 1250 dis-

141 1275 247 1312 sentit
269 1274 457 1318 Diodorns,
472 1286 581 1320 quum
603 1278 756 1321 exponat
776 1286 941 1321 magnam
957 1287 1111 1321 pugnam
1127 1279 1243 1312 ortam
1265 1287 1352 1319 esse,

139 1335 236 1383 quod
259 1335 490 1373 Athenienses
513 1335 690 1380 barbaris,
725 1336 787 1382 qui
810 1339 918 1373 noctu
941 1337 1076 1383 equites
1097 1337 1135 1372 in
1160 1339 1278 1373 castre
1300 1337 1354 1373 in-

141 1398 333 1442 misisseut,
373 1398 417 1434 de
440 1398 508 1435 hac
531 1410 571 1435 re
593 1401 699 1435 antea
723 1398 890 1435 certiores
918 1398 1005 1435 facti
1027 1399 1192 1435 instructi
1215 1399 1353 1436 obviam

141 1461 296 1498 ivissent.
351 1461 531 1498 Postremo
566 1463 685 1497 sutem
719 1471 839 1497 omnes
863 1460 1017 1497 Graecos
1039 1460 1165 1497 Persas
1202 1460 1353 1507 fugasse,

138 1524 294 1571 exceptis
316 1513 456 1560 tuntum
479 1523 758 1570 Megarensibus,
793 1524 854 1569 qui
886 1535 993 1569 quum
1025 1526 1148 1561 contra.
1170 1523 1295 1560 ducem
1317 1527 1354 1560 et

140 1585 271 1623 robora
295 1586 484 1631 stetissent,
507 1586 610 1623 valde
633 1587 749 1622 vexati
766 1588 881 1623 essent
913 1588 949 1622 et
971 1597 994 1622 s.
1010 1585 1294 1624 Lacedaemoniis
1316 1589 1353 1623 et

140 1649 410 1685 Atheniensibus
426 1649 559 1685 auxilia
574 1649 765 1695 petiissent.
806 1648 904 1691 Quae
921 1659 1030 1693 quum
1048 1649 1217 1684 Aristides
1231 1649 1352 1686 statim

138 1709 305 1754 misisset,
345 1698 566 1757 Megarenses
598 1712 755 1746 servatos
785 1711 821 1745 et
845 1708 968 1745 Perses
999 1708 1128 1745 multos
1159 1708 1351 1756 ducemque

138 1771 341 1809 interfectos
375 1783 468 1815 esse;
509 1774 646 1809 tantum
679 1772 716 1807 in
748 1782 789 1807 eo
825 1772 999 1807 consentit
1033 1783 1113 1807 cum
1148 1771 1351 1815 Plutarcho,

131 1833 233 1881 quod
247 1835 395 1880 uterque
418 1836 542 1870 narrat
561 1832 746 1869 Aristidem
767 1831 889 1870 florem
913 1831 1062 1868 electum
1084 1831 1350 1868 Atheniensium

137 1897 272 1935 misisse
295 1900 332 1934 et
355 1897 480 1934 ducem
503 1897 688 1934 Persarum
717 1895 940 1933 interfectum
970 1906 1063 1939 esse,
1094 1907 1203 1940 quum
1232 1898 1351 1932 cetera

137 1959 185 1997 ab
221 1958 290 1996 hoc
324 1962 361 1996 et
395 1959 572 1996 Herodoto
600 1970 672 1995 non
708 1958 907 1998 tradantur.
959 1958 1074 2001 Quare
1108 1956 1206 1993 nullo
1244 1956 1348 1994 modo

137 2020 282 2067 Ephoro
298 2020 526 2071 Plutarchum
542 2033 644 2058 usum
670 2033 745 2057 esse
769 2023 865 2066 puto.
913 2019 992 2056 Huc
1014 2018 1165 2061 accedit,
1189 2018 1295 2064 quod,
1319 2019 1349 2055 si

137 2082 281 2130 Ephoro
311 2081 380 2118 hoc
413 2085 522 2129 caput
553 2082 757 2126 tribuimus,
796 2081 902 2118 etiam
933 2091 977 2117 ea
1015 2089 1106 2125 qua-e
1135 2079 1351 2125 praecedunt

62 2135 66 2137 “
137 2156 182 2182 ex
205 2156 247 2181 eo
271 2144 462 2180 derivanda.
484 2148 581 2188 sunt,
605 2145 642 2181 id
666 2144 761 2191 quod
784 2137 928 2191 propter
951 2154 1028 2189 cap.
1051 2141 1136 2177 XIII
1157 2141 1260 2178 valde
1283 2142 1349 2179 du-

137 2207 221 2244 bito.
269 2206 357 2243 Tum
377 2217 449 2242 non
471 2206 592 2250 video,
616 2218 686 2252 quo
710 2206 787 2243 loco
804 2205 1012 2242 Plutarchus
1036 2204 1170 2243 fontem
1193 2208 1349 2241 mutave-

135 2270 194 2307 rit,
240 2268 331 2306 Nem
345 2279 455 2315 genus
476 2268 616 2306 dicendi
638 2269 676 2305 in
699 2269 749 2306 eis
781 2277 872 2314 quse
904 2270 1099 2314 sequuntur
1122 2266 1226 2314 plene
1254 2267 1347 2304 idem

136 2335 206 2376 est,
228 2330 324 2378 quod
346 2330 384 2367 in
407 2330 463 2367 his
483 2330 597 2369 tribus
620 2330 793 2378 capitibus
816 2333 853 2367 et
868 2329 989 2367 eodem
1012 2329 1118 2367 modo
1137 2329 1346 2369 Plutarchus
1412 2369 1421 2373 ,
