1520 2520
685 100 728 137 17

98 204 318 253 repudiasse,
350 205 519 250 suasisse,
552 208 593 242 ut
623 217 703 255 eum
725 205 788 253 qui
816 205 944 243 iterum
973 206 1316 254 cumssPersisagere

99 267 205 312 vellet
244 268 443 306 sacerdotes
487 271 764 306 exsecrarentur.
820 267 911 305 Tota
939 280 994 305 res
1030 270 1111 305 cum
1144 268 1314 305 insumus

99 329 364 368 Atheniensium
402 334 634 379 congruenter
669 333 834 368 narratur
873 334 909 368 et
935 331 1187 379 responsiones
1220 330 1314 375 illae,

98 402 190 441 quae
212 391 304 429 duae
326 404 401 429 esse
423 389 603 437 ridentur,
642 393 694 429 ita
724 392 954 440 explicandae
982 396 1081 437 sunt,
1119 396 1161 429 ut
1188 393 1313 440 legatis

97 454 319 501 plebiscitum
356 456 558 499 recitatum,
599 447 696 492 aliud
729 455 776 492 ab
807 455 961 492 Aristide
993 458 1117 502 postea
1154 454 1311 491 additum

97 516 154 553 sit.
202 516 400 555 Herodotus
422 518 512 555 nihil
535 519 622 555 dicit
645 519 688 555 de
723 519 891 555 concione
919 517 1032 564 plebis
1074 529 1139 554 nec
1171 517 1215 553 de
1237 516 1312 563 ple-

96 578 221 617 biscito
243 591 309 617 nec
325 580 369 617 de
390 580 543 617 Aristide
566 592 632 617 nec
655 581 699 617 de
715 580 956 617 exsecratione
979 578 1041 616 sed
1064 582 1203 616 tantum
1225 578 1311 624 quid

97 640 326 678 Athenienses
350 642 473 688 legatis
497 642 758 688 responderint,
782 641 898 678 affert.
948 640 1049 684 Quod
1073 652 1181 687 quum
1204 651 1310 686 quam

94 703 396 740 accuratissimum
420 707 456 740 et
479 703 720 750 longissimum
755 703 816 747 sit,
852 714 964 750 paene
995 703 1042 739 ad
1073 702 1218 740 verbum
1250 714 1311 739 ex-

94 774 216 818 pressa
238 764 276 801 in
307 764 375 801 hoc
404 777 447 802 ea
477 765 617 810 insunt,
657 765 784 812 quibus
807 750 1019 802 Plutarchus
1049 764 1237 802 Aristidem
1260 764 1309 801 le-

93 827 195 872 gatos
218 826 444 872 repellentem
461 826 556 862 facit.
604 826 737 862 Eodem
761 826 866 863 modo
883 826 1059 862 Diodorus
1082 829 1218 862 tantum
1242 825 1309 862 has

94 886 182 924 duas
204 888 447 935 responsiones
464 888 583 933 affert,
612 889 673 925 sed
696 889 801 936 plane
826 888 872 925 ab
887 888 1056 925 Herodoti
1077 891 1112 925 et
1127 887 1309 924 Plutarchi

93 949 305 996 discrepant.
363 950 478 993 Quum
513 951 606 987 enim
639 950 676 986 id
707 950 802 997 quod
839 951 894 987 illi
925 951 1220 992 Lacedaemonios
1253 962 1309 986 re-

92 1022 259 1059 sponsum
282 1011 468 1049 abstulisse
491 1015 657 1056 narrant,
697 1012 754 1050 hic
787 1012 860 1050 fere
892 1012 1022 1049 eisdem
1053 1011 1168 1050 verbis
1193 1011 1308 1049 Persis

91 1072 319 1110 Athenienses
340 1074 561 1121 respondisse
589 1077 713 1111 auctor
744 1074 809 1117 sit,
847 1073 885 1110 id
915 1073 1011 1120 quod
1032 1073 1108 1120 ipse
1131 1073 1308 1110 Lacedae-

92 1135 217 1172 moniis
249 1129 480 1174 Athenienses
510 1136 760 1184 respondentes
794 1136 896 1180 facit,
936 1148 1016 1173 cum
1056 1148 1098 1173 eo
1129 1136 1224 1183 quod
1254 1136 1308 1174 illi

92 1197 207 1234 Persis
235 1198 332 1243 dant,
357 1200 571 1236 consentiret
593 1211 734 1236 necesse
750 1203 838 1243 erat,
861 1210 975 1245 neque
995 1211 1078 1236 vero
1103 1199 1178 1235 ullo
1201 1199 1307 1236 modo

92 1271 171 1296 cum
195 1259 386 1297 Plutarcho
409 1261 583 1297 consentit
606 1263 642 1297 et
663 1263 804 1297 tantum
827 1272 909 1296 cum
930 1260 1086 1306 quadam
1105 1263 1206 1308 parte
1232 1261 1306 1296 eius

92 1321 188 1368 quod
210 1321 424 1367 Herodotus,
448 1323 578 1371 quippe
600 1322 661 1369 qui
683 1322 821 1370 longior
843 1321 900 1366 sit,
923 1322 1210 1360 Lacedaemoniis
1232 1322 1306 1360 dat.

92 1384 168 1421 Hoc
191 1397 273 1429 vero
296 1397 409 1432 neque
424 1386 642 1433 urguendum
666 1389 702 1422 et
724 1385 877 1422 Diodoro
903 1385 971 1432 ipsi
990 1385 1216 1423 tribuendum
1232 1398 1307 1423 esse

93 1447 195 1492 puto,
232 1445 294 1483 sed
324 1446 450 1483 summi
480 1447 647 1487 momenti
676 1446 724 1483 ad
752 1446 926 1484 eruendos
953 1446 1070 1485 fontes
1094 1447 1240 1485 Diodori
1272 1451 1308 1485 et

90 1508 272 1545 Plutarchi
295 1513 366 1553 est,
398 1509 493 1555 quod
516 1509 577 1545 ille
609 1513 730 1546 actum
761 1521 837 1546 esse
868 1521 949 1546 cum
973 1510 1076 1557 plebe
1099 1514 1136 1547 et
1158 1510 1204 1547 ab
1227 1510 1307 1547 Ari-

91 1558 180 1607 stide
203 1571 316 1607 latum
338 1582 414 1608 esse
437 1562 659 1617 plebiscitum
683 1582 756 1607 non
788 1574 922 1608 narrat.
971 1571 1012 1607 Id
1045 1572 1138 1608 enim
1161 1572 1306 1609 demon-

90 1636 181 1670 strat
208 1632 364 1670 diversos
398 1632 513 1670 fontes
537 1644 595 1669 eos
619 1633 811 1672 excussisse
834 1643 947 1679 neque
973 1644 1055 1670 vero
1078 1634 1185 1678 illud,
1210 1635 1305 1681 quod

89 1696 270 1734 nonnullis
300 1696 387 1734 locis
417 1696 640 1734 consentiunt
675 1707 754 1732 cum
778 1695 982 1740 Remeato,-
1017 1695 1167 1732 multum
1194 1684 1304 1740 salet,

89 1770 197 1805 quum
221 1770 359 1803 omnes,
392 1759 454 1805 qui
476 1758 520 1794 de
551 1757 652 1794 bellis
683 1769 762 1794 cum
794 1757 909 1794 Persis
930 1757 1047 1804 ,gestis
1079 1757 1303 1804 scripserunt,

88 1824 183 1858 certe
214 1820 282 1858 hoc
310 1821 366 1857 usi
389 1821 470 1857 sint.
518 1820 605 1856 Tum
637 1822 759 1856 narrat
790 1819 1003 1857 Plutarchus
1035 1819 1191 1867 legatum
1225 1821 1303 1856 Ari-

88 1883 215 1920 stidem
237 1883 381 1919 missum
404 1894 479 1919 esse
502 1882 549 1918 ad
572 1881 867 1918 Lacedaemonios
891 1885 927 1919 et
950 1885 1077 1918 testem
1098 1881 1202 1918 affert
1223 1881 1302 1918 Ido-

86 1956 256 1982 menenm.
317 1945 427 1989 Quem
452 1956 560 1991 quum
601 1948 707 1982 antea
739 1956 810 1981 non
842 1943 1034 1991 inspexerit
1065 1947 1101 1980 et
1129 1943 1167 1980 id
1207 1945 1302 1990 quod

86 2008 154 2046 hoc
193 2008 270 2045 loco
309 2009 453 2055 exponit
493 2010 623 2061 optime
664 2020 743 2045 cum
783 2008 833 2044 eis
866 2018 958 2053 quae
988 2005 1204 2053 praecedunt
1242 2018 1302 2043 co-

85 2070 248 2113 haereat,
275 2069 461 2106 verisimile
492 2082 565 2107 non
598 2074 652 2107 est
682 2069 912 2106 Plutarchum
937 2079 1017 2104 eum
1049 2067 1217 2104 evolvisse
1238 2068 1301 2104 sed

84 2144 129 2168 ex
151 2131 273 2168 eodem
295 2131 393 2169 fonte
416 2132 484 2169 hoc
506 2131 648 2169 fluxisse
671 2143 741 2178 quo
765 2131 949 2177 reliquum.
1000 2130 1111 2173 Quem
1140 2130 1187 2167 ad
1214 2130 1301 2167 defi-

83 2194 250 2231 niendum
281 2195 408 2230 summi
446 2195 613 2231 momenti
646 2195 746 2230 nobis
775 2196 829 2230 est
865 2192 960 2238 quod
993 2191 1206 2228 Plutarchus
1235 2197 1300 2229 aut

81 2256 120 2294 id
142 2256 238 2303 quod
259 2255 347 2293 mihi
370 2257 589 2294 verisimilius
611 2257 750 2294 videtur
765 2267 850 2300 esse,
874 2254 949 2291 eius
970 2253 1050 2291 fons
1073 2253 1299 2292 Idomeneum

81 2320 254 2367 corrigere
278 2319 415 2363 studet,
452 2320 592 2365 dicens,
616 2331 724 2365 quum
747 2319 784 2356 in
813 2317 998 2365 plebiscito
1030 2318 1197 2355 Aristidis
1226 2330 1298 2355 non

1046 2386 1066 2417 2
