1520 2520
710 133 757 168 25

66 210 76 290 's
125 245 389 289 nemus-non
411 241 557 279 adortos
572 252 658 285 esse,
684 240 779 287 quod
795 230 1068 294 saci-ahodnon
1087 239 1337 286 permisissent,

125 299 326 342 Hmdotm
347 302 493 340 oracula
517 302 606 340 haec
628 302 769 350 quidem
792 300 898 339 affert
923 312 1036 348 neque
1069 310 1152 339 vero
1177 312 1338 338 caussam

125 364 346 405 subsistendi.
393 364 481 402 Tum
504 365 566 402 ille
589 365 676 402 dicit
697 364 817 412 inopia
836 358 1007 401 vfrumenti
1029 376 1157 411 magna
1179 363 1340 411 eth-ae-
1417 379 1428 384 ·

125 432 253 466 cornm‘
272 427 427 465 exercitu
446 427 483 463 in
504 426 581 464 dies
604 428 811 474 augescente
835 425 947 473 magis
983 424 1207 463 Mardonium
1238 436 1336 463 com-

124 479 258 528 motum
283 501 373 534 esse,
413 492 462 526 utv
483 484 701 534 adoriretur-3
740 488 798 525 hic
829 488 896 525 has
919 499 1061 525 caussas
1091 500 1164 525 non
1186 487 1339 525 breviter

125 552 187 590 sed
208 551 323 600 longis
345 550 562 588 orationibus
585 551 714 587 ducum
734 550 924 587 Persarum
947 550 1122 597 exprimit„
1144 554 1186 588 ut
1207 551 1338 598 optime

123 612 328 661 gravissima
352 624 512 659 quaeque
542 625 586 649 ex
601 611 780 649 Herodoto
804 611 988 659 desumpta
1002 623 1077 649 esse
1100 612 1336 651 confitendum

123 672 190 709 tibi
207 673 278 710 ⁴sit.
324 672 367 708 In
401 672 581 708 narranda
616 683 656 708 re
690 672 736 708 ab
761 672 962 709 Alexandro
995 672 1093 709 facta
1127 672 1338 710 Plutarchus

123 734 209 771 dicit
241 733 430 771 Aristidem
453 733 501 770 ab
522 733 587 770 illo
617 736 799 785 evocatum
814 745 906 778 esse,
929 733 1131 771 Herodotus
1144 734 1182 772 in
1198 735 1336 772 univer-

123 808 201 834 sum
223 797 269 834 de
292 796 438 833 ducibus
464 795 727 833 Atheniensium
749 796 916 843 loquitur.
961 796 1016 833 Ex
1039 808 1110 844 quo
1135 795 1336 836 efficiuntur

123 862 257 903 cetera,
297 858 424 906 quibus
446 849 539 895 inter
567 870 605 896 se
628 858 845 906 discrepant,
886 870 995 906 quum
1026 859 1255 904 Plutarchus,
1295 863 1354 911 ut>

125 919 313 958 Aristidem
335 919 470 966 ahquid
493 920 617 956 fecisse
640 920 755 956 dicere
787 922 921 966 posset,
964 931 1009 956 ex
1040 921 1199 957 oratione
1228 932 1335 966 quam

123 980 321 1018 Alexander
351 980 476 1017 habuit
516 979 693 1027 dialogum
723 980 947 1027 excogitaret.
1000 980 1157 1028 Uterque
1196 981 1235 1018 in
1267 981 1335 1020 hac

122 1043 280 1080 oratione
302 1043 442 1080 easdem
465 1043 654 1079 sententias
677 1042 800 1087 affert,
840 1043 901 1079 sed
935 1042 1006 1080 fine
1037 1044 1112 1080 eius
1135 1043 1335 1082 Herodotm

123 1104 361 1141 Alexandrum
385 1103 489 1141 duces
506 1103 595 1140 nulli
618 1104 681 1140 alii
700 1103 835 1140 homini
859 1104 975 1141 dicere
988 1105 1028 1141 id
1052 1106 1203 1143 vetuisse
1225 1117 1334 1153 quam

121 1165 316 1203 Pausaniae
345 1169 468 1202 auctor
501 1168 570 1209 est,
594 1169 635 1202 ut
657 1165 748 1202 nihil
769 1165 981 1212 respondere
1002 1167 1148 1213 possint.
1195 1167 1335 1205 Plutar-

121 1228 208 1266 chus
244 1225 355 1265 affert*
373 1228 569 1275 postulasse
598 1239 695 1272 eum,
735 1239 780 1264 ne
811 1227 974 1275 cuiquam
1005 1228 1171 1267 dicerent.
1218 1230 1334 1274 Quum

123 1292 242 1326 autem
265 1289 458 1326 Pausanias
480 1289 549 1326 hoc
572 1289 679 1325 sciret
691 1295 842 1326 ‘necesse
865 1293 972 1333 esset,
994 1290 1184 1336 respondet
1206 1291 1334 1328 Aristi-

123 1352 252 1390 desei
274 1363 425 1400 semper>
443 1364 480 1390 se
501 1352 569 1389 hoc
598 1352 773 1390 dicturum
797 1364 882 1389 esse.
930 1352 987 1389 Ita
1017 1352 1148 1390 factum
1183 1356 1254 1398 est,
1291 1356 1332 1391 ut

122 1414 333 1452 Plutarchus
369 1418 503 1461 quanta
533 1419 625 1451 esset
653 1415 788 1451 iustitia
811 1414 983 1452 Aristides
1014 1416 1120 1451 etiam
1152 1415 1219 1451 hoc
1253 1416 1331 1452 loco

121 1476 386 1514 demonstraret.
448 1477 570 1514 Finem
610 1477 823 1514 narrationis
864 1479 1011 1524 uterque
1052 1477 1182 1515 eisdem
1216 1478 1331 1516 verbis

119 1539 216 1577 facit.
384 1544 386 1546 ’

213 1601 295 1649 Cap.
324 1601 405 1638 XVI
428 1613 500 1638 non
524 1601 638 1638 solum
661 1601 871 1638 Plutarchus
894 1601 969 1648 ipse
992 1601 1095 1638 affert
1116 1604 1240 1639 testem
1256 1602 1330 1639 He-

118 1664 281 1702 rodotum
317 1663 377 1700 sed
407 1664 512 1701 etiam
541 1666 664 1701 narrat
693 1675 716 1700 a
739 1663 915 1700 Pausania
950 1675 1029 1700 cum
1061 1663 1330 1702 Atheniensibus

118 1727 229 1764 aciem
253 1728 425 1762 mutatam
449 1736 545 1768 esse,
568 1725 605 1761 id
629 1724 735 1771 quod,
759 1736 867 1770 quum
882 1724 930 1761 ad
945 1725 1138 1761 notandam
1152 1725 1329 1772 ignaviam

116 1788 212 1826 illius
235 1787 371 1825 illustre
387 1788 448 1832 sit,
471 1788 510 1824 in
525 1787 646 1825 libello
662 1787 729 1832 „de
751 1787 993 1834 malignitate“
1007 1787 1331 1825 summaindustria

117 1835 244 1889 falsum
268 1863 344 1889 esse
368 1850 571 1894 contendit,
604 1854 640 1887 et
662 1862 732 1896 quo
757 1852 1013 1894 commovetur,
1049 1853 1091 1886 ut
1111 1850 1328 1887 Herodotum

116 1927 220 1963 quam
237 1913 459 1952 acerbissime
473 1914 656 1960 vituperet.
696 1913 812 1958 Quare
827 1912 897 1949 nisi
910 1912 1109 1950 accuratius
1129 1911 1328 1958 quaesieris,

114 1977 304 2026 permirum
327 1988 403 2014 esse
427 1979 562 2025 potest,
603 1975 698 2023 quod
721 1975 931 2013 Plutarchus
961 1975 1000 2012 id
1031 1974 1126 2021 quod
1147 1974 1198 2012 ibi
1221 1978 1329 2023 negat

114 2040 173 2077 hic
196 2040 272 2076 sine
294 2039 370 2076 ulla
393 2039 611 2076 dubitatione
634 2043 759 2076 narrat
772 2067 782 2083 ,
807 2040 1012 2087 praesertim
1036 2050 1145 2085 quum
1167 2038 1327 2077 Herodo-

70 2105 75 2112 '
113 2105 190 2138 tum
211 2100 286 2147 ipse
310 2100 480 2148 appellet,
503 2103 545 2137 ut
567 2100 662 2147 quod
677 2112 751 2145 res,
775 2112 863 2147 quas
886 2104 1025 2145 narrat,
1047 2100 1150 2137 valde
1173 2101 1266 2139 inter
1289 2114 1328 2140 se

113 2162 330 2210 discrepant,
362 2161 619 2200 inconstantiae
643 2174 722 2199 eum
747 2173 902 2200 accuses.
949 2161 1174 2209 Nequevero
1197 2163 1249 2201 ita
1271 2177 1327 2202 res

113 2238 150 2262 se
172 2225 291 2262 habet.
339 2224 430 2261 Nam
462 2229 601 2262 constat
631 2226 762 2262 malam
792 2225 995 2262 memoriam
1026 2225 1217 2263 Plutarcho
1249 2239 1327 2264 sae-

110 2287 189 2335 pius
213 2287 332 2324 dolum
355 2287 534 2332 nexuisse,
565 2289 606 2323 ut
630 2287 809 2324 conscium
836 2298 916 2324 eum
940 2298 1058 2325 secum
1088 2299 1246 2336 pugnare
1267 2300 1327 2326 co-

110 2351 216 2397 gitari
259 2362 330 2387 non
371 2350 497 2396 possit,
536 2350 741 2396 praesertim
784 2361 892 2396 quum
928 2350 1103 2387 diversum
1141 2351 1326 2388 consilium
