1520 2520
737 135 784 170 41

155 239 221 277 visi
235 243 373 283 essent,
409 240 472 277 sed
501 240 644 277 interim
672 241 858 288 imperium
887 240 1111 278 tractabatur
1132 240 1179 278 ab
1203 253 1246 278 eo
1269 242 1368 286 duce,

155 303 218 348 qui
239 302 435 340 Pausaniae
457 302 629 348 dignitate
651 303 831 349 proximus
862 306 949 339 erat.
998 303 1095 339 Certi
1128 303 1263 349 aliquid
1293 295 1370 340 tum

156 364 296 402 demum
318 367 473 401 statuere
501 367 682 411 poterant,
714 376 824 411 quum
855 375 980 401 caussa
1011 363 1203 401 diiudicata
1233 368 1312 401 erat
1334 368 1371 401 et

155 425 305 462 fortasse
321 425 457 462 Cimoni
479 428 543 461 aut
563 425 710 461 Aristidi
733 425 917 470 imperium
940 425 987 460 ad
1010 427 1147 471 tempus
1163 425 1368 461 mandatum

156 490 250 531 erat,
282 499 390 533 quum
418 487 486 523 hoc
518 488 687 534 temporis
703 483 830 534 'spatio
862 486 965 523 Iones
996 498 1075 524 cum
1100 487 1370 525 Atheniensibus

155 549 278 586 foedus
308 550 449 586 icerent.
500 549 600 586 Hanc
630 553 747 586 autem
775 550 1103 597 interpretationem
1133 553 1266 587 rectam
1295 563 1369 588 esse

155 612 415 647 demonstratur
453 612 531 647 loco
560 612 638 647 illo·
662 612 875 657 Thucydidis
915 612 950 656 1,
990 612 1048 648 95.
1087 612 1369 658 μετεπέμποντο

153 670 367 709 Παυσανίαν
394 677 431 709 et
452 674 534 709 inde
563 672 689 722 ξυνέβη
714 687 754 709 τε
782 670 880 721 ath-15⁰
909 675 1107 711 καλεῖσθαι
1136 688 1177 711 τε
1199 672 1276 720 ἅμα
1299 675 1367 712 καὶ

82 737 93 747 *
153 732 238 777 τοὺς
261 732 464 780 ξυμμάχους
486 736 538 780 ‘tq‘
562 731 699 770 ἐκείνου
723 731 828 779 ἔχθει
859 731 946 783 παρ’
964 731 1187 784 Ἀθηναίους
1207 735 1367 781 μετατά-

153 797 291 842 ξασθαι
315 794 412 845 πλὴν
435 799 508 832 τῶν
531 793 609 832 ἀπὸ
635 796 921 846 Πελοποννήσου
953 803 1199 847 στρατιωτῶν,
1225 813 1270 837 ex
1297 813 1367 846 quo

154 862 302 906 apparet
325 859 640 905 Peloponnensium
665 871 772 895 naves
796 871 867 896 non
899 872 977 896 cum
1002 860 1177 898 Pausania
1207 863 1365 900 rediisse.

155 922 291 975 Dinerit
313 922 504 967 quispiam,
535 921 762 957 Plutarchum
788 924 1025 960 narrationem
1049 924 1263 970 Thucydidis
1286 937 1370 961 con-

153 984 317 1027 traxisse,
359 983 420 1020 sed
451 983 518 1019 hoo
549 982 679 1020 falsum
702 987 769 1028 est,
812 995 936 1030 quum,
976 985 1151 1031 quomodo
1176 986 1369 1023 Pausanias

152 1047 317 1092 expulsus
342 1046 402 1089 sit,
437 1058 508 1082 non
540 1046 661 1083 eodem
690 1047 796 1082 modo
828 1050 997 1083 narrent>
1032 1047 1124 1083 Nam
1152 1048 1214 1085 ille
1244 1052 1369 1085 auctor

152 1113 206 1146 est
233 1109 346 1145 socios
378 1109 545 1145 defecisse
576 1108 622 1145 ad
655 1109 903 1154 Athenienses,
943 1122 1052 1156 quum
1083 1111 1276 1147 Pausanias
1310 1123 1370 1147 ex-

151 1171 357 1218 pelleretur,
397 1171 617 1216 Thucydides
657 1175 793 1214 autem,
833 1183 942 1217 quum
985 1176 1218 1209 revocaretur.
1278 1174 1367 1209 Nam

151 1245 330 1270 successor
345 1234 476 1270 infecta
491 1246 529 1270 re
545 1234 661 1277 rediit,
685 1245 798 1279 neque
815 1246 923 1286 quum
939 1234 1132 1272 Pausanias
1155 1236 1281 1272 iterum
1302 1237 1369 1283 By-

151 1298 258 1333 zantii
281 1300 373 1341 erat,
414 1296 699 1332 Lacedaemoniis
729 1296 883 1342 praefuit
912 1296 973 1332 sed
1001 1298 1153 1344 propriis
1175 1297 1308 1333 viribus
1331 1302 1368 1334 et

151 1371 214 1395 suo
238 1359 383 1395 consilio
407 1358 538 1395 bellum
561 1358 678 1404 gessit.
728 1357 982 1394 Perobscurum
1015 1363 1068 1395 est
1098 1359 1135 1395 id
1159 1360 1255 1405 quod
1284 1360 1368 1396 Dio—

148 1421 255 1456 dorus
282 1422 340 1464 11,
380 1421 438 1456 44.
461 1424 585 1456 narrat
621 1420 900 1466 Peloponnenses
929 1420 1141 1457 Pausaniam
1171 1421 1364 1458 deseruisse

150 1486 186 1519 et
208 1483 470 1520 Lacedaemone
494 1494 694 1528 accusasse,
728 1485 834 1527 atque
858 1494 965 1527 quum
989 1494 1148 1520 caussam
1173 1495 1245 1520 non
1269 1495 1366 1520 com-

149 1548 328 1586 memoret,
353 1545 472 1579 statim
496 1544 607 1585 affert,
634 1554 704 1588 quo
728 1543 811 1578 dolo
836 1543 986 1579 Taenari
1010 1547 1133 1589 captus
1151 1545 1207 1587 sit,
1230 1548 1271 1579 ut
1292 1556 1365 1580 non

150 1616 416 1651 cognoscamus,
429 1606 559 1640 'utrum
583 1606 785 1654 revocatum
808 1616 856 1640 an
874 1604 1058 1650 expulsum
1082 1617 1162 1641 eum
1185 1617 1260 1641 esse
1285 1618 1366 1642 cen-

149 1667 268 1702 suerit.
330 1666 416 1702 Fine
455 1667 579 1711 capitis
634 1669 757 1701 narrat
801 1666 1010 1716 Plutarchus
1058 1666 1364 1710 Lacedaemonios,

149 1742 255 1776 quum
288 1729 477 1765 sensissent
508 1728 612 1765 duces
637 1729 748 1764 nimia
782 1729 817 1764 vi
841 1728 1032 1776 corrumpi,
1074 1733 1198 1775 sponte
1231 1730 1277 1766 ab
1300 1731 1366 1766 im·-

147 1792 245 1839 perio
268 1791 458 1833 destitisse,
493 1802 601 1835 quum
626 1790 697 1826 suis
721 1790 877 1826 moribus
909 1791 1025 1826 vivere
1057 1790 1221 1834 mallent,
1258 1803 1364 1837 quam

148 1853 315 1890 Graeciae
338 1864 507 1899 praeesse.
557 1852 595 1887 Si
618 1853 724 1889 verba
740 1851 952 1898 πέμποντες
977 1850 1185 1888 ἐπαύσαντο
1209 1853 1256 1888 ad
1275 1854 1366 1889 Pau·-

147 1914 282 1950 saniam
306 1913 504 1956 referimus,
529 1913 704 1958 sequitur,
733 1915 774 1948 ut
794 1915 878 1959 >post
901 1908 995 1948 hunc
1019 1913 1143 1949 ducem
1166 1925 1239 1950 non
1262 1915 1365 1951 mise·

146 1976 218 2011 rint
241 1975 288 2011 ad
312 1975 470 2010 classem.
519 1974 737 2020 Thucydides
761 1974 794 2016 I,
827 1974 884 2009 97.
917 1977 1041 2009 auctor
1066 1977 1119 2010 est
1143 1974 1292 2011 Dorcem
1316 1976 1362 2012 ab
1384 1973 1391 1980 '

146 2036 196 2073 eis
226 2037 370 2072 missum
408 2048 483 2072 esse
492 2064 504 2080 ‚v
544 2036 604 2072 sed
637 2048 744 2082 quum
774 2036 918 2072 vidisset
949 2036 1061 2074 socios
1091 2036 1162 2072 iam
1197 2037 1364 2076 defecisse

146 2099 191 2135 ad
213 2098 460 2141 Athenienses,
499 2098 644 2133 rediisse
673 2109 786 2142 neque
818 2108 900 2133 vero
934 2100 1015 2143 post
1048 2108 1127 2133 eum
1152 2097 1277 2135 ducem
1301 2105 1363 2137 aut

145 2161 335 2196 exercitum
351 2160 645 2196 Lacedaemonios
668 2160 812 2196 misisse.
860 2159 1035 2195 Diodorus
1060 2163 1185 2196 narrat
1208 2173 1284 2208 cap.
1303 2163 1362 2207 46,

144 2221 177 2257 5.
202 2222 308 2257 duces
330 2221 470 2266 quidem
487 2233 546 2256 eos
571 2221 706 2257 misisse
731 2232 843 2266 neque
867 2232 950 2257 vero
975 2221 1089 2257 socios
1113 2222 1163 2257 eis
1185 2222 1365 2271 obtempe-

144 2295 257 2327 rasse,
288 2295 396 2329 quum
418 2294 491 2318 non
519 2286 782 2326 commemoret,
800 2283 878 2329 ,qui
899 2282 953 2319 illi
977 2282 1120 2319 fuerint.
1169 2283 1256 2321 Cum
1280 2285 1364 2322 Plu-

143 2344 266 2380 tarcho
283 2343 502 2389 Thucydides
526 2345 700 2380 consentit
731 2345 768 2380 in
791 2345 952 2390 eoquod
975 2345 1061 2381 dicit
1093 2357 1230 2391 summo
1255 2359 1363 2394 opere

1114 2414 1133 2443 4
