<?xml version="1.0" encoding="UTF-8"?>
<!DOCTYPE html PUBLIC "-//W3C//DTD XHTML 1.0 Transitional//EN"
    "http://www.w3.org/TR/xhtml1/DTD/xhtml1-transitional.dtd">
<html xmlns="http://www.w3.org/1999/xhtml" xml:lang="en" lang="en">
 <head>
  <title>
</title>
<meta http-equiv="Content-Type" content="text/html;charset=utf-8" />
  <meta name='ocr-system' content='tesseract 3.04.00' />
  <meta name='ocr-capabilities' content='ocr_page ocr_carea ocr_par ocr_line ocrx_word'/>
</head>
<body>
  <div class='ocr_page' id='page_1' title='image "4737968_0038.png"; bbox 0 0 1520 2520; ppageno 0'>
   <div class='ocr_carea' id='block_1_1' title="bbox 781 75 829 112">
    <p class='ocr_par' dir='ltr' id='par_1_1' title="bbox 781 75 829 112">
     <span class='ocr_line' id='line_1_1' title="bbox 781 75 829 112; baseline 0.021 -1"><span class='ocrx_word' id='word_1_1' title='bbox 781 75 829 112; x_wconf 80' lang='lat'><strong>32</strong></span> 
     </span>
    </p>
   </div>
   <div class='ocr_carea' id='block_1_2' title="bbox 195 182 1414 233">
    <p class='ocr_par' dir='ltr' id='par_1_2' title="bbox 195 182 1414 233">
     <span class='ocr_line' id='line_1_2' title="bbox 195 182 1414 233; baseline 0.001 -13"><span class='ocrx_word' id='word_1_2' title='bbox 195 182 353 230; x_wconf 74' lang='lat' dir='ltr'><strong>argutias</strong></span> <span class='ocrx_word' id='word_1_3' title='bbox 375 182 579 220; x_wconf 78' lang='lat' dir='ltr'><strong>invenimus.</strong></span> <span class='ocrx_word' id='word_1_4' title='bbox 627 182 749 229; x_wconf 80' lang='lat' dir='ltr'><strong>Neque</strong></span> <span class='ocrx_word' id='word_1_5' title='bbox 776 183 891 219; x_wconf 87' lang='lat' dir='ltr'><strong>minus</strong></span> <span class='ocrx_word' id='word_1_6' title='bbox 922 183 959 219; x_wconf 91' lang='lat' dir='ltr'><strong>in</strong></span> <span class='ocrx_word' id='word_1_7' title='bbox 982 194 1024 220; x_wconf 87' lang='lat' dir='ltr'><strong>eo</strong></span> <span class='ocrx_word' id='word_1_8' title='bbox 1047 182 1278 229; x_wconf 85' lang='lat' dir='ltr'><strong>offendimus,</strong></span> <span class='ocrx_word' id='word_1_9' title='bbox 1318 183 1414 233; x_wconf 85' lang='lat' dir='ltr'><strong>quod</strong></span> 
     </span>
    </p>
   </div>
   <div class='ocr_carea' id='block_1_3' title="bbox 196 240 1490 296">
    <p class='ocr_par' dir='ltr' id='par_1_3' title="bbox 196 240 1490 296">
     <span class='ocr_line' id='line_1_3' title="bbox 196 240 1490 296; baseline 0.002 -14"><span class='ocrx_word' id='word_1_10' title='bbox 196 245 409 282; x_wconf 75' lang='lat' dir='ltr'><strong>Plutarchus</strong></span> <span class='ocrx_word' id='word_1_11' title='bbox 431 257 568 293; x_wconf 85' lang='lat' dir='ltr'><strong>semper</strong></span> <span class='ocrx_word' id='word_1_12' title='bbox 584 245 772 296; x_wconf 77' lang='lat' dir='ltr'><strong>Aristidem</strong></span> <span class='ocrx_word' id='word_1_13' title='bbox 787 256 844 282; x_wconf 90' lang='lat' dir='ltr'><strong>res</strong></span> <span class='ocrx_word' id='word_1_14' title='bbox 856 245 1003 292; x_wconf 75' lang='lat' dir='ltr'>gessisse</span> <span class='ocrx_word' id='word_1_15' title='bbox 1019 240 1281 292; x_wconf 81' lang='lat' dir='ltr'><strong>commemorat,</strong></span> <span class='ocrx_word' id='word_1_16' title='bbox 1305 257 1417 294; x_wconf 86' lang='lat' dir='ltr'><strong>quum</strong></span> <span class='ocrx_word' id='word_1_17' title='bbox 1487 242 1490 246; x_wconf 70' lang='grc'>’</span> 
     </span>
    </p>
   </div>
   <div class='ocr_carea' id='block_1_4' title="bbox 188 304 1417 2339">
    <p class='ocr_par' dir='ltr' id='par_1_4' title="bbox 188 304 1417 2339">
     <span class='ocr_line' id='line_1_4' title="bbox 196 304 1416 352; baseline 0.002 -7"><span class='ocrx_word' id='word_1_18' title='bbox 196 308 396 345; x_wconf 87' lang='lat' dir='ltr'><strong>Herodotus</strong></span> <span class='ocrx_word' id='word_1_19' title='bbox 425 309 464 345; x_wconf 91' lang='lat' dir='ltr'><strong>in</strong></span> <span class='ocrx_word' id='word_1_20' title='bbox 493 308 695 345; x_wconf 84' lang='lat' dir='ltr'><strong>universum</strong></span> <span class='ocrx_word' id='word_1_21' title='bbox 723 310 862 344; x_wconf 82' lang='lat' dir='ltr'><strong>tantum</strong></span> <span class='ocrx_word' id='word_1_22' title='bbox 893 307 937 345; x_wconf 90' lang='lat' dir='ltr'><strong>de</strong></span> <span class='ocrx_word' id='word_1_23' title='bbox 972 304 1120 345; x_wconf 84' lang='lat' dir='ltr'><strong>ducibus</strong></span> <span class='ocrx_word' id='word_1_24' title='bbox 1151 308 1416 352; x_wconf 71' lang='lat' dir='ltr'><strong>Atheniensium</strong></span> 
     </span>
     <span class='ocr_line' id='line_1_5' title="bbox 195 369 1417 417; baseline 0.002 -12"><span class='ocrx_word' id='word_1_25' title='bbox 195 370 368 416; x_wconf 81' lang='lat' dir='ltr'><strong>loquatur.</strong></span> <span class='ocrx_word' id='word_1_26' title='bbox 430 370 498 414; x_wconf 87' lang='lat' dir='ltr'><strong>Qui</strong></span> <span class='ocrx_word' id='word_1_27' title='bbox 532 381 642 417; x_wconf 89' lang='lat' dir='ltr'><strong>quum</strong></span> <span class='ocrx_word' id='word_1_28' title='bbox 682 371 757 417; x_wconf 89' lang='lat' dir='ltr'><strong>ipse</strong></span> <span class='ocrx_word' id='word_1_29' title='bbox 796 369 984 406; x_wconf 78' lang='lat' dir='ltr'><strong>Aristidem</strong></span> <span class='ocrx_word' id='word_1_30' title='bbox 1022 369 1190 407; x_wconf 88' lang='lat' dir='ltr'><strong>exercitui</strong></span> <span class='ocrx_word' id='word_1_31' title='bbox 1223 369 1417 417; x_wconf 72' lang='lat' dir='ltr'><strong>praefuisse</strong></span> 
     </span>
     <span class='ocr_line' id='line_1_6' title="bbox 195 428 1415 479; baseline 0.001 -10"><span class='ocrx_word' id='word_1_32' title='bbox 195 434 335 476; x_wconf 79' lang='lat' dir='ltr'><strong>narret,</strong></span> <span class='ocrx_word' id='word_1_33' title='bbox 373 431 478 469; x_wconf 85' lang='lat' dir='ltr'><strong>facile</strong></span> <span class='ocrx_word' id='word_1_34' title='bbox 509 431 720 469; x_wconf 83' lang='lat' dir='ltr'><strong>Plutarchus</strong></span> <span class='ocrx_word' id='word_1_35' title='bbox 752 428 962 469; x_wconf 77' lang='lat' dir='ltr'><strong>concludere</strong></span> <span class='ocrx_word' id='word_1_36' title='bbox 1006 435 1146 479; x_wconf 83' lang='lat' dir='ltr'><strong>poterat</strong></span> <span class='ocrx_word' id='word_1_37' title='bbox 1183 432 1278 469; x_wconf 89' lang='lat' dir='ltr'><strong>hunc</strong></span> <span class='ocrx_word' id='word_1_38' title='bbox 1308 432 1415 472; x_wconf 83' lang='lat' dir='ltr'><strong>etiam</strong></span> 
     </span>
     <span class='ocr_line' id='line_1_7' title="bbox 194 488 1415 541; baseline 0 -10"><span class='ocrx_word' id='word_1_39' title='bbox 194 506 332 541; x_wconf 90' lang='lat' dir='ltr'><strong>semper</strong></span> <span class='ocrx_word' id='word_1_40' title='bbox 356 495 528 541; x_wconf 86' lang='lat' dir='ltr'><strong>plurimas</strong></span> <span class='ocrx_word' id='word_1_41' title='bbox 551 506 609 531; x_wconf 90' lang='lat' dir='ltr'><strong>res</strong></span> <span class='ocrx_word' id='word_1_42' title='bbox 632 494 766 531; x_wconf 88' lang='lat' dir='ltr'><strong>fecisse.</strong></span> <span class='ocrx_word' id='word_1_43' title='bbox 814 494 886 531; x_wconf 84' lang='lat' dir='ltr'><strong>Sed</strong></span> <span class='ocrx_word' id='word_1_44' title='bbox 909 494 977 531; x_wconf 90' lang='lat' dir='ltr'><strong>hoc</strong></span> <span class='ocrx_word' id='word_1_45' title='bbox 1002 494 1080 530; x_wconf 88' lang='lat' dir='ltr'><strong>loco</strong></span> <span class='ocrx_word' id='word_1_46' title='bbox 1104 492 1225 531; x_wconf 78' lang='lat' dir='ltr'><strong>multo</strong></span> <span class='ocrx_word' id='word_1_47' title='bbox 1240 488 1415 531; x_wconf 76' lang='lat' dir='ltr'><strong>difficilio-</strong></span> 
     </span>
     <span class='ocr_line' id='line_1_8' title="bbox 194 555 1413 607; baseline -0.001 -14"><span class='ocrx_word' id='word_1_48' title='bbox 194 558 269 593; x_wconf 83' lang='lat' dir='ltr'><strong>rem</strong></span> <span class='ocrx_word' id='word_1_49' title='bbox 297 555 391 593; x_wconf 89' lang='lat' dir='ltr'><strong>hanc</strong></span> <span class='ocrx_word' id='word_1_50' title='bbox 420 567 496 594; x_wconf 88' lang='lat' dir='ltr'><strong>rem</strong></span> <span class='ocrx_word' id='word_1_51' title='bbox 527 568 603 594; x_wconf 87' lang='lat' dir='ltr'><strong>esse</strong></span> <span class='ocrx_word' id='word_1_52' title='bbox 633 559 738 603; x_wconf 90' lang='lat' dir='ltr'><strong>puto,</strong></span> <span class='ocrx_word' id='word_1_53' title='bbox 779 568 885 603; x_wconf 86' lang='lat' dir='ltr'><strong>quam</strong></span> <span class='ocrx_word' id='word_1_54' title='bbox 917 559 958 593; x_wconf 88' lang='lat' dir='ltr'><strong>ut</strong></span> <span class='ocrx_word' id='word_1_55' title='bbox 989 555 1037 593; x_wconf 86' lang='lat' dir='ltr'><strong>ad</strong></span> <span class='ocrx_word' id='word_1_56' title='bbox 1066 555 1248 592; x_wconf 77' lang='lat' dir='ltr'><strong>Plutarchi</strong></span> <span class='ocrx_word' id='word_1_57' title='bbox 1280 566 1413 607; x_wconf 86' lang='lat' dir='ltr'><strong>morem</strong></span> 
     </span>
     <span class='ocr_line' id='line_1_9' title="bbox 194 616 1413 664; baseline 0 -10"><span class='ocrx_word' id='word_1_58' title='bbox 194 618 371 654; x_wconf 87' lang='lat' dir='ltr'><strong>scribendi</strong></span> <span class='ocrx_word' id='word_1_59' title='bbox 395 618 570 664; x_wconf 77' lang='lat' dir='ltr'><strong>quadrare</strong></span> <span class='ocrx_word' id='word_1_60' title='bbox 594 619 764 655; x_wconf 85' lang='lat' dir='ltr'><strong>videatur.</strong></span> <span class='ocrx_word' id='word_1_61' title='bbox 814 617 906 654; x_wconf 89' lang='lat' dir='ltr'><strong>Nam</strong></span> <span class='ocrx_word' id='word_1_62' title='bbox 929 629 999 654; x_wconf 90' lang='lat' dir='ltr'><strong>non</strong></span> <span class='ocrx_word' id='word_1_63' title='bbox 1025 617 1140 654; x_wconf 87' lang='lat' dir='ltr'><strong>solum</strong></span> <span class='ocrx_word' id='word_1_64' title='bbox 1163 628 1205 654; x_wconf 88' lang='lat' dir='ltr'><strong>ea</strong></span> <span class='ocrx_word' id='word_1_65' title='bbox 1229 628 1320 663; x_wconf 82' lang='lat' dir='ltr'><strong>quae</strong></span> <span class='ocrx_word' id='word_1_66' title='bbox 1343 616 1413 654; x_wconf 82' lang='lat' dir='ltr'><strong>He-</strong></span> 
     </span>
     <span class='ocr_line' id='line_1_10' title="bbox 193 678 1414 728; baseline -0.001 -10"><span class='ocrx_word' id='word_1_67' title='bbox 193 680 340 718; x_wconf 87' lang='lat' dir='ltr'><strong>rodotus</strong></span> <span class='ocrx_word' id='word_1_68' title='bbox 364 680 455 718; x_wconf 92' lang='lat' dir='ltr'><strong>libro</strong></span> <span class='ocrx_word' id='word_1_69' title='bbox 487 693 583 718; x_wconf 91' lang='lat' dir='ltr'><strong>nono</strong></span> <span class='ocrx_word' id='word_1_70' title='bbox 618 684 744 718; x_wconf 87' lang='lat' dir='ltr'><strong>narrat</strong></span> <span class='ocrx_word' id='word_1_71' title='bbox 774 681 904 728; x_wconf 88' lang='lat' dir='ltr'><strong>optime</strong></span> <span class='ocrx_word' id='word_1_72' title='bbox 936 681 1113 718; x_wconf 85' lang='lat' dir='ltr'><strong>contraxit</strong></span> <span class='ocrx_word' id='word_1_73' title='bbox 1136 680 1198 718; x_wconf 89' lang='lat' dir='ltr'><strong>sed</strong></span> <span class='ocrx_word' id='word_1_74' title='bbox 1226 681 1333 718; x_wconf 86' lang='lat' dir='ltr'><strong>etiam</strong></span> <span class='ocrx_word' id='word_1_75' title='bbox 1356 678 1414 717; x_wconf 88' lang='lat' dir='ltr'><strong>or-</strong></span> 
     </span>
     <span class='ocr_line' id='line_1_11' title="bbox 193 742 1412 789; baseline -0.001 -9"><span class='ocrx_word' id='word_1_76' title='bbox 193 744 313 780; x_wconf 88' lang='lat' dir='ltr'><strong>dinem</strong></span> <span class='ocrx_word' id='word_1_77' title='bbox 337 755 455 780; x_wconf 90' lang='lat' dir='ltr'><strong>rerum</strong></span> <span class='ocrx_word' id='word_1_78' title='bbox 478 743 656 780; x_wconf 87' lang='lat' dir='ltr'><strong>interdum</strong></span> <span class='ocrx_word' id='word_1_79' title='bbox 680 743 850 786; x_wconf 83' lang='lat' dir='ltr'><strong>mutavit,</strong></span> <span class='ocrx_word' id='word_1_80' title='bbox 882 754 991 789; x_wconf 92' lang='lat' dir='ltr'><strong>quum</strong></span> <span class='ocrx_word' id='word_1_81' title='bbox 1022 743 1059 779; x_wconf 93' lang='lat' dir='ltr'><strong>id</strong></span> <span class='ocrx_word' id='word_1_82' title='bbox 1083 743 1178 789; x_wconf 91' lang='lat' dir='ltr'><strong>quod</strong></span> <span class='ocrx_word' id='word_1_83' title='bbox 1201 743 1245 780; x_wconf 91' lang='lat' dir='ltr'><strong>de</strong></span> <span class='ocrx_word' id='word_1_84' title='bbox 1269 742 1412 780; x_wconf 87' lang='lat' dir='ltr'><strong>oraculo</strong></span> 
     </span>
     <span class='ocr_line' id='line_1_12' title="bbox 194 804 1413 857; baseline -0.001 -13"><span class='ocrx_word' id='word_1_85' title='bbox 194 805 373 857; x_wconf 86' lang='lat' dir='ltr'><strong>Mardonii</strong></span> <span class='ocrx_word' id='word_1_86' title='bbox 395 807 497 844; x_wconf 89' lang='lat' dir='ltr'><strong>initio</strong></span> <span class='ocrx_word' id='word_1_87' title='bbox 526 806 652 855; x_wconf 90' lang='lat' dir='ltr'><strong>capitis</strong></span> <span class='ocrx_word' id='word_1_88' title='bbox 684 804 767 842; x_wconf 86' lang='lat' dir='ltr'><strong>XIX</strong></span> <span class='ocrx_word' id='word_1_89' title='bbox 791 804 895 843; x_wconf 83' lang='lat' dir='ltr'><strong>affert</strong></span> <span class='ocrx_word' id='word_1_90' title='bbox 924 817 944 842; x_wconf 94' lang='lat' dir='ltr'><strong>e</strong></span> <span class='ocrx_word' id='word_1_91' title='bbox 965 805 1058 851; x_wconf 81' lang='lat' dir='ltr'><strong>libro</strong></span> <span class='ocrx_word' id='word_1_92' title='bbox 1083 808 1207 843; x_wconf 85' lang='lat' dir='ltr'><strong>octavo</strong></span> <span class='ocrx_word' id='word_1_93' title='bbox 1231 809 1268 843; x_wconf 88' lang='lat' dir='ltr'><strong>et</strong></span> <span class='ocrx_word' id='word_1_94' title='bbox 1289 817 1413 843; x_wconf 88' lang='lat' dir='ltr'><strong>narra-</strong></span> 
     </span>
     <span class='ocr_line' id='line_1_13' title="bbox 193 868 1412 915; baseline -0.001 -9"><span class='ocrx_word' id='word_1_95' title='bbox 193 870 390 906; x_wconf 83' lang='lat' dir='ltr'><strong>tiunculam</strong></span> <span class='ocrx_word' id='word_1_96' title='bbox 412 869 512 906; x_wconf 84' lang='lat' dir='ltr'><strong>illam</strong></span> <span class='ocrx_word' id='word_1_97' title='bbox 536 870 580 906; x_wconf 90' lang='lat' dir='ltr'><strong>de</strong></span> <span class='ocrx_word' id='word_1_98' title='bbox 603 872 715 905; x_wconf 85' lang='lat' dir='ltr'><strong>morte</strong></span> <span class='ocrx_word' id='word_1_99' title='bbox 741 868 940 905; x_wconf 82' lang='lat' dir='ltr'><strong>Callicratis</strong></span> <span class='ocrx_word' id='word_1_100' title='bbox 972 880 991 905; x_wconf 91' lang='lat' dir='ltr'><strong>e</strong></span> <span class='ocrx_word' id='word_1_101' title='bbox 1016 869 1146 915; x_wconf 84' lang='lat' dir='ltr'><strong>capite,</strong></span> <span class='ocrx_word' id='word_1_102' title='bbox 1182 868 1277 914; x_wconf 90' lang='lat' dir='ltr'><strong>quod</strong></span> <span class='ocrx_word' id='word_1_103' title='bbox 1300 869 1412 907; x_wconf 90' lang='lat' dir='ltr'><strong>multo</strong></span> 
     </span>
     <span class='ocr_line' id='line_1_14' title="bbox 193 926 1411 979; baseline -0.001 -10"><span class='ocrx_word' id='word_1_104' title='bbox 193 935 274 979; x_wconf 89' lang='lat' dir='ltr'><strong>post</strong></span> <span class='ocrx_word' id='word_1_105' title='bbox 302 932 477 978; x_wconf 89' lang='lat' dir='ltr'><strong>sequitur,</strong></span> <span class='ocrx_word' id='word_1_106' title='bbox 517 931 714 969; x_wconf 86' lang='lat' dir='ltr'><strong>desumeret</strong></span> <span class='ocrx_word' id='word_1_107' title='bbox 746 933 782 967; x_wconf 89' lang='lat' dir='ltr'><strong>et</strong></span> <span class='ocrx_word' id='word_1_108' title='bbox 812 930 982 967; x_wconf 86' lang='lat' dir='ltr'><strong>insereret</strong></span> <span class='ocrx_word' id='word_1_109' title='bbox 1013 933 1121 976; x_wconf 78' lang='lat' dir='ltr'><strong>atque</strong></span> <span class='ocrx_word' id='word_1_110' title='bbox 1152 926 1411 973; x_wconf 80' lang='lat' dir='ltr'><strong>contentionem</strong></span> 
     </span>
     <span class='ocr_line' id='line_1_15' title="bbox 194 992 1410 1040; baseline 0 -10"><span class='ocrx_word' id='word_1_111' title='bbox 194 993 460 1030; x_wconf 77' lang='lat' dir='ltr'><strong>Atheniensium</strong></span> <span class='ocrx_word' id='word_1_112' title='bbox 489 1006 570 1030; x_wconf 88' lang='lat' dir='ltr'><strong>cum</strong></span> <span class='ocrx_word' id='word_1_113' title='bbox 599 992 758 1040; x_wconf 84' lang='lat' dir='ltr'><strong>Tegeatis</strong></span> <span class='ocrx_word' id='word_1_114' title='bbox 789 992 922 1029; x_wconf 85' lang='lat' dir='ltr'><strong>factam</strong></span> <span class='ocrx_word' id='word_1_115' title='bbox 954 995 1038 1029; x_wconf 75' lang='lat' dir='ltr'><strong>ante</strong></span> <span class='ocrx_word' id='word_1_116' title='bbox 1067 1004 1223 1040; x_wconf 80' lang='lat' dir='ltr'><strong>pugnam</strong></span> <span class='ocrx_word' id='word_1_117' title='bbox 1255 993 1410 1039; x_wconf 82' lang='lat' dir='ltr'><strong>equitum</strong></span> 
     </span>
     <span class='ocr_line' id='line_1_16' title="bbox 191 1052 1410 1102; baseline 0.002 -12"><span class='ocrx_word' id='word_1_118' title='bbox 191 1066 305 1101; x_wconf 90' lang='lat' dir='ltr'><strong>neque</strong></span> <span class='ocrx_word' id='word_1_119' title='bbox 330 1067 387 1092; x_wconf 90' lang='lat' dir='ltr'><strong>res</strong></span> <span class='ocrx_word' id='word_1_120' title='bbox 411 1067 435 1091; x_wconf 86' lang='lat' dir='ltr'><strong>a</strong></span> <span class='ocrx_word' id='word_1_121' title='bbox 457 1055 745 1092; x_wconf 82' lang='lat' dir='ltr'><strong>Lacedaemoniis</strong></span> <span class='ocrx_word' id='word_1_122' title='bbox 773 1058 809 1091; x_wconf 92' lang='lat' dir='ltr'><strong>et</strong></span> <span class='ocrx_word' id='word_1_123' title='bbox 840 1055 1111 1091; x_wconf 83' lang='lat' dir='ltr'><strong>Atheniensibus</strong></span> <span class='ocrx_word' id='word_1_124' title='bbox 1133 1058 1251 1102; x_wconf 81' lang='lat' dir='ltr'><strong>gestas</strong></span> <span class='ocrx_word' id='word_1_125' title='bbox 1282 1052 1410 1092; x_wconf 86' lang='lat' dir='ltr'><strong>mixtas</strong></span> 
     </span>
     <span class='ocr_line' id='line_1_17' title="bbox 191 1108 1410 1164; baseline 0.001 -11"><span class='ocrx_word' id='word_1_126' title='bbox 191 1120 363 1154; x_wconf 77' lang='lat' dir='ltr'><strong>narraret</strong></span> <span class='ocrx_word' id='word_1_127' title='bbox 412 1117 502 1154; x_wconf 91' lang='lat' dir='ltr'><strong>Tum</strong></span> <span class='ocrx_word' id='word_1_128' title='bbox 525 1117 632 1154; x_wconf 87' lang='lat' dir='ltr'><strong>etiam</strong></span> <span class='ocrx_word' id='word_1_129' title='bbox 655 1117 787 1153; x_wconf 88' lang='lat' dir='ltr'><strong>multas</strong></span> <span class='ocrx_word' id='word_1_130' title='bbox 812 1128 868 1153; x_wconf 86' lang='lat' dir='ltr'><strong>res</strong></span> <span class='ocrx_word' id='word_1_131' title='bbox 897 1108 1043 1154; x_wconf 81' lang='lat' dir='ltr'><strong>addidit.</strong></span> <span class='ocrx_word' id='word_1_132' title='bbox 1093 1116 1214 1163; x_wconf 91' lang='lat' dir='ltr'><strong>Neque</strong></span> <span class='ocrx_word' id='word_1_133' title='bbox 1239 1117 1334 1164; x_wconf 77' lang='lat' dir='ltr'><strong>enim</strong></span> <span class='ocrx_word' id='word_1_134' title='bbox 1356 1119 1410 1154; x_wconf 85' lang='lat' dir='ltr'><strong>to-</strong></span> 
     </span>
     <span class='ocr_line' id='line_1_18' title="bbox 193 1177 1410 1225; baseline 0 -11"><span class='ocrx_word' id='word_1_135' title='bbox 193 1181 271 1214; x_wconf 89' lang='lat' dir='ltr'><strong>tum</strong></span> <span class='ocrx_word' id='word_1_136' title='bbox 295 1181 403 1225; x_wconf 90' lang='lat' dir='ltr'><strong>caput</strong></span> <span class='ocrx_word' id='word_1_137' title='bbox 425 1177 512 1214; x_wconf 90' lang='lat' dir='ltr'>XIII</span> <span class='ocrx_word' id='word_1_138' title='bbox 543 1178 581 1214; x_wconf 93' lang='lat' dir='ltr'><strong>in</strong></span> <span class='ocrx_word' id='word_1_139' title='bbox 604 1177 783 1214; x_wconf 89' lang='lat' dir='ltr'><strong>Herodoto</strong></span> <span class='ocrx_word' id='word_1_140' title='bbox 807 1178 977 1223; x_wconf 86' lang='lat' dir='ltr'><strong>scriptum</strong></span> <span class='ocrx_word' id='word_1_141' title='bbox 1000 1178 1146 1223; x_wconf 87' lang='lat' dir='ltr'><strong>legimus</strong></span> <span class='ocrx_word' id='word_1_142' title='bbox 1168 1181 1275 1223; x_wconf 86' lang='lat' dir='ltr'><strong>atque</strong></span> <span class='ocrx_word' id='word_1_143' title='bbox 1298 1177 1410 1214; x_wconf 83' lang='lat' dir='ltr'><strong>multo</strong></span> 
     </span>
     <span class='ocr_line' id='line_1_19' title="bbox 194 1239 1411 1288; baseline 0 -11"><span class='ocrx_word' id='word_1_144' title='bbox 194 1241 333 1288; x_wconf 85' lang='lat' dir='ltr'><strong>longius</strong></span> <span class='ocrx_word' id='word_1_145' title='bbox 364 1252 472 1286; x_wconf 83' lang='lat' dir='ltr'><strong>quam</strong></span> <span class='ocrx_word' id='word_1_146' title='bbox 504 1239 562 1276; x_wconf 90' lang='lat' dir='ltr'><strong>hic</strong></span> <span class='ocrx_word' id='word_1_147' title='bbox 597 1244 735 1283; x_wconf 89' lang='lat' dir='ltr'><strong>narrat,</strong></span> <span class='ocrx_word' id='word_1_148' title='bbox 771 1243 812 1276; x_wconf 91' lang='lat' dir='ltr'><strong>ut</strong></span> <span class='ocrx_word' id='word_1_149' title='bbox 856 1243 972 1276; x_wconf 84' lang='lat' dir='ltr'><strong>cetera</strong></span> <span class='ocrx_word' id='word_1_150' title='bbox 1008 1240 1146 1276; x_wconf 86' lang='lat' dir='ltr'><strong>silentio</strong></span> <span class='ocrx_word' id='word_1_151' title='bbox 1183 1243 1411 1287; x_wconf 71' lang='lat' dir='ltr'><strong>praeteream,</strong></span> 
     </span>
     <span class='ocr_line' id='line_1_20' title="bbox 194 1301 1410 1349; baseline 0 -10"><span class='ocrx_word' id='word_1_152' title='bbox 194 1302 370 1349; x_wconf 91' lang='lat' dir='ltr'><strong>quomodo</strong></span> <span class='ocrx_word' id='word_1_153' title='bbox 410 1302 538 1339; x_wconf 85' lang='lat' dir='ltr'><strong>Persae</strong></span> <span class='ocrx_word' id='word_1_154' title='bbox 576 1301 862 1338; x_wconf 81' lang='lat' dir='ltr'><strong>Lacedaemoniis</strong></span> <span class='ocrx_word' id='word_1_155' title='bbox 903 1301 1096 1338; x_wconf 86' lang='lat' dir='ltr'><strong>restiterint</strong></span> <span class='ocrx_word' id='word_1_156' title='bbox 1136 1305 1172 1338; x_wconf 88' lang='lat' dir='ltr'><strong>et</strong></span> <span class='ocrx_word' id='word_1_157' title='bbox 1205 1301 1410 1339; x_wconf 88' lang='lat' dir='ltr'><strong>Mardonius</strong></span> 
     </span>
     <span class='ocr_line' id='line_1_21' title="bbox 195 1364 1412 1410; baseline 0.002 -10"><span class='ocrx_word' id='word_1_158' title='bbox 195 1365 339 1400; x_wconf 88' lang='lat' dir='ltr'><strong>oracula</strong></span> <span class='ocrx_word' id='word_1_159' title='bbox 360 1364 594 1408; x_wconf 88' lang='lat' dir='ltr'><strong>consuluerit,</strong></span> <span class='ocrx_word' id='word_1_160' title='bbox 625 1375 740 1410; x_wconf 88' lang='lat' dir='ltr'><strong>neque</strong></span> <span class='ocrx_word' id='word_1_161' title='bbox 765 1375 847 1400; x_wconf 85' lang='lat' dir='ltr'><strong>vero</strong></span> <span class='ocrx_word' id='word_1_162' title='bbox 870 1364 958 1400; x_wconf 86' lang='lat' dir='ltr'><strong>haec</strong></span> <span class='ocrx_word' id='word_1_163' title='bbox 982 1364 1029 1400; x_wconf 90' lang='lat' dir='ltr'><strong>ad</strong></span> <span class='ocrx_word' id='word_1_164' title='bbox 1053 1364 1306 1401; x_wconf 81' lang='lat' dir='ltr'><strong>sententiarum</strong></span> <span class='ocrx_word' id='word_1_165' title='bbox 1329 1365 1412 1402; x_wconf 87' lang='lat' dir='ltr'><strong>sub-</strong></span> 
     </span>
     <span class='ocr_line' id='line_1_22' title="bbox 192 1424 1410 1472; baseline 0 -10"><span class='ocrx_word' id='word_1_166' title='bbox 192 1425 358 1462; x_wconf 85' lang='lat' dir='ltr'><strong>tilitatem</strong></span> <span class='ocrx_word' id='word_1_167' title='bbox 381 1428 551 1472; x_wconf 88' lang='lat' dir='ltr'><strong>spectant.</strong></span> <span class='ocrx_word' id='word_1_168' title='bbox 601 1424 703 1468; x_wconf 85' lang='lat' dir='ltr'><strong>Quod</strong></span> <span class='ocrx_word' id='word_1_169' title='bbox 726 1424 820 1461; x_wconf 90' lang='lat' dir='ltr'><strong>unde</strong></span> <span class='ocrx_word' id='word_1_170' title='bbox 835 1424 986 1469; x_wconf 87' lang='lat' dir='ltr'><strong>fluxerit,</strong></span> <span class='ocrx_word' id='word_1_171' title='bbox 1009 1426 1192 1470; x_wconf 90' lang='lat' dir='ltr'><strong>nescimus,</strong></span> <span class='ocrx_word' id='word_1_172' title='bbox 1218 1427 1248 1462; x_wconf 90' lang='lat' dir='ltr'><strong>si</strong></span> <span class='ocrx_word' id='word_1_173' title='bbox 1270 1426 1410 1463; x_wconf 77' lang='lat' dir='ltr'><strong>Plutar-</strong></span> 
     </span>
     <span class='ocr_line' id='line_1_23' title="bbox 194 1486 1409 1535; baseline 0 -9"><span class='ocrx_word' id='word_1_174' title='bbox 194 1487 280 1526; x_wconf 87' lang='lat' dir='ltr'><strong>chus</strong></span> <span class='ocrx_word' id='word_1_175' title='bbox 302 1488 378 1535; x_wconf 88' lang='lat' dir='ltr'><strong>ipse</strong></span> <span class='ocrx_word' id='word_1_176' title='bbox 393 1487 612 1524; x_wconf 86' lang='lat' dir='ltr'><strong>Herodotum</strong></span> <span class='ocrx_word' id='word_1_177' title='bbox 628 1487 790 1523; x_wconf 85' lang='lat' dir='ltr'><strong>excussit.</strong></span> <span class='ocrx_word' id='word_1_178' title='bbox 839 1486 918 1524; x_wconf 92' lang='lat' dir='ltr'><strong>Huc</strong></span> <span class='ocrx_word' id='word_1_179' title='bbox 938 1487 1090 1532; x_wconf 86' lang='lat' dir='ltr'><strong>accedit,</strong></span> <span class='ocrx_word' id='word_1_180' title='bbox 1114 1487 1209 1534; x_wconf 92' lang='lat' dir='ltr'><strong>quod</strong></span> <span class='ocrx_word' id='word_1_181' title='bbox 1224 1488 1409 1526; x_wconf 85' lang='lat' dir='ltr'><strong>verisimile</strong></span> 
     </span>
     <span class='ocr_line' id='line_1_24' title="bbox 193 1546 1409 1598; baseline 0.001 -10"><span class='ocrx_word' id='word_1_182' title='bbox 193 1563 266 1588; x_wconf 85' lang='lat' dir='ltr'><strong>non</strong></span> <span class='ocrx_word' id='word_1_183' title='bbox 290 1554 343 1588; x_wconf 87' lang='lat' dir='ltr'><strong>est</strong></span> <span class='ocrx_word' id='word_1_184' title='bbox 365 1551 482 1597; x_wconf 87' lang='lat' dir='ltr'><strong>ipsum</strong></span> <span class='ocrx_word' id='word_1_185' title='bbox 507 1549 663 1587; x_wconf 88' lang='lat' dir='ltr'><strong>Clidemo</strong></span> <span class='ocrx_word' id='word_1_186' title='bbox 687 1562 790 1586; x_wconf 90' lang='lat' dir='ltr'><strong>usum</strong></span> <span class='ocrx_word' id='word_1_187' title='bbox 813 1561 897 1586; x_wconf 89' lang='lat' dir='ltr'><strong>esse.</strong></span> <span class='ocrx_word' id='word_1_188' title='bbox 947 1550 1105 1596; x_wconf 89' lang='lat' dir='ltr'><strong>Denique</strong></span> <span class='ocrx_word' id='word_1_189' title='bbox 1129 1562 1204 1598; x_wconf 87' lang='lat' dir='ltr'><strong>cap.</strong></span> <span class='ocrx_word' id='word_1_190' title='bbox 1221 1551 1304 1588; x_wconf 87' lang='lat' dir='ltr'><strong>XVI</strong></span> <span class='ocrx_word' id='word_1_191' title='bbox 1326 1546 1409 1590; x_wconf 62' lang='lat' dir='ltr'><strong>narss</strong></span> 
     </span>
     <span class='ocr_line' id='line_1_25' title="bbox 192 1611 1408 1651; baseline 0.001 -1"><span class='ocrx_word' id='word_1_192' title='bbox 192 1616 251 1650; x_wconf 88' lang='lat' dir='ltr'><strong>rat</strong></span> <span class='ocrx_word' id='word_1_193' title='bbox 266 1624 290 1650; x_wconf 92' lang='lat' dir='ltr'><strong>a</strong></span> <span class='ocrx_word' id='word_1_194' title='bbox 312 1612 487 1649; x_wconf 86' lang='lat' dir='ltr'><strong>Thebanis</strong></span> <span class='ocrx_word' id='word_1_195' title='bbox 504 1611 727 1649; x_wconf 85' lang='lat' dir='ltr'><strong>Mardonium</strong></span> <span class='ocrx_word' id='word_1_196' title='bbox 742 1612 926 1649; x_wconf 88' lang='lat' dir='ltr'><strong>certiorem</strong></span> <span class='ocrx_word' id='word_1_197' title='bbox 942 1611 1075 1649; x_wconf 81' lang='lat' dir='ltr'><strong>factum</strong></span> <span class='ocrx_word' id='word_1_198' title='bbox 1099 1623 1174 1649; x_wconf 86' lang='lat' dir='ltr'><strong>esse</strong></span> <span class='ocrx_word' id='word_1_199' title='bbox 1197 1612 1408 1651; x_wconf 90' lang='lat' dir='ltr'><strong>Pausaniam</strong></span> 
     </span>
     <span class='ocr_line' id='line_1_26' title="bbox 194 1675 1408 1720; baseline 0.002 -9"><span class='ocrx_word' id='word_1_200' title='bbox 194 1688 274 1712; x_wconf 88' lang='lat' dir='ltr'><strong>cum</strong></span> <span class='ocrx_word' id='word_1_201' title='bbox 298 1675 568 1711; x_wconf 87' lang='lat' dir='ltr'><strong>Atheniensibus</strong></span> <span class='ocrx_word' id='word_1_202' title='bbox 592 1675 704 1711; x_wconf 90' lang='lat' dir='ltr'><strong>aciem</strong></span> <span class='ocrx_word' id='word_1_203' title='bbox 727 1678 892 1718; x_wconf 88' lang='lat' dir='ltr'><strong>mutasse,</strong></span> <span class='ocrx_word' id='word_1_204' title='bbox 916 1687 1024 1720; x_wconf 91' lang='lat' dir='ltr'><strong>quum</strong></span> <span class='ocrx_word' id='word_1_205' title='bbox 1047 1675 1246 1711; x_wconf 83' lang='lat' dir='ltr'><strong>Herodotus</strong></span> <span class='ocrx_word' id='word_1_206' title='bbox 1269 1676 1306 1711; x_wconf 89' lang='lat' dir='ltr'><strong>in</strong></span> <span class='ocrx_word' id='word_1_207' title='bbox 1329 1677 1408 1713; x_wconf 86' lang='lat' dir='ltr'><strong>uni-</strong></span> 
     </span>
     <span class='ocr_line' id='line_1_27' title="bbox 191 1736 1408 1783; baseline 0.002 -9"><span class='ocrx_word' id='word_1_208' title='bbox 191 1749 332 1774; x_wconf 83' lang='lat' dir='ltr'><strong>versum</strong></span> <span class='ocrx_word' id='word_1_209' title='bbox 364 1737 408 1774; x_wconf 90' lang='lat' dir='ltr'><strong>de</strong></span> <span class='ocrx_word' id='word_1_210' title='bbox 441 1737 582 1774; x_wconf 91' lang='lat' dir='ltr'><strong>Boeotis</strong></span> <span class='ocrx_word' id='word_1_211' title='bbox 614 1737 789 1783; x_wconf 88' lang='lat' dir='ltr'><strong>loquatur.</strong></span> <span class='ocrx_word' id='word_1_212' title='bbox 847 1736 968 1783; x_wconf 86' lang='lat' dir='ltr'><strong>Neque</strong></span> <span class='ocrx_word' id='word_1_213' title='bbox 1004 1748 1085 1774; x_wconf 86' lang='lat' dir='ltr'><strong>vero</strong></span> <span class='ocrx_word' id='word_1_214' title='bbox 1129 1747 1237 1783; x_wconf 90' lang='lat' dir='ltr'><strong>quum</strong></span> <span class='ocrx_word' id='word_1_215' title='bbox 1272 1741 1408 1776; x_wconf 87' lang='lat' dir='ltr'><strong>constet</strong></span> 
     </span>
     <span class='ocr_line' id='line_1_28' title="bbox 192 1799 1407 1847; baseline 0 -11"><span class='ocrx_word' id='word_1_216' title='bbox 192 1799 422 1837; x_wconf 85' lang='lat' dir='ltr'><strong>Plutarchum</strong></span> <span class='ocrx_word' id='word_1_217' title='bbox 445 1812 582 1847; x_wconf 91' lang='lat' dir='ltr'><strong>semper</strong></span> <span class='ocrx_word' id='word_1_218' title='bbox 605 1800 643 1836; x_wconf 89' lang='lat' dir='ltr'><strong>id</strong></span> <span class='ocrx_word' id='word_1_219' title='bbox 667 1800 796 1847; x_wconf 84' lang='lat' dir='ltr'><strong>egisse,</strong></span> <span class='ocrx_word' id='word_1_220' title='bbox 821 1804 861 1836; x_wconf 91' lang='lat' dir='ltr'><strong>ut</strong></span> <span class='ocrx_word' id='word_1_221' title='bbox 884 1800 1069 1836; x_wconf 88' lang='lat' dir='ltr'><strong>Thebanos</strong></span> <span class='ocrx_word' id='word_1_222' title='bbox 1094 1804 1288 1844; x_wconf 85' lang='lat' dir='ltr'><strong>excusaret,</strong></span> <span class='ocrx_word' id='word_1_223' title='bbox 1311 1800 1407 1846; x_wconf 90' lang='lat' dir='ltr'><strong>quod</strong></span> 
     </span>
     <span class='ocr_line' id='line_1_29' title="bbox 191 1861 1407 1908; baseline 0.001 -10"><span class='ocrx_word' id='word_1_224' title='bbox 191 1873 215 1898; x_wconf 89' lang='lat' dir='ltr'><strong>a</strong></span> <span class='ocrx_word' id='word_1_225' title='bbox 243 1864 345 1908; x_wconf 86' lang='lat' dir='ltr'><strong>parte</strong></span> <span class='ocrx_word' id='word_1_226' title='bbox 367 1861 553 1898; x_wconf 86' lang='lat' dir='ltr'><strong>Persarum</strong></span> <span class='ocrx_word' id='word_1_227' title='bbox 583 1862 779 1906; x_wconf 88' lang='lat' dir='ltr'><strong>stetissent,</strong></span> <span class='ocrx_word' id='word_1_228' title='bbox 810 1862 929 1905; x_wconf 86' lang='lat' dir='ltr'><strong>video,</strong></span> <span class='ocrx_word' id='word_1_229' title='bbox 959 1874 1023 1898; x_wconf 90' lang='lat' dir='ltr'><strong>cur</strong></span> <span class='ocrx_word' id='word_1_230' title='bbox 1053 1861 1122 1898; x_wconf 93' lang='lat' dir='ltr'><strong>hoc</strong></span> <span class='ocrx_word' id='word_1_231' title='bbox 1152 1862 1230 1898; x_wconf 91' lang='lat' dir='ltr'><strong>loco</strong></span> <span class='ocrx_word' id='word_1_232' title='bbox 1263 1863 1407 1900; x_wconf 88' lang='lat' dir='ltr'><strong>nomina</strong></span> 
     </span>
     <span class='ocr_line' id='line_1_30' title="bbox 190 1924 1405 1970; baseline 0.002 -10"><span class='ocrx_word' id='word_1_233' title='bbox 190 1924 457 1960; x_wconf 84' lang='lat' dir='ltr'><strong>commutaverit</strong></span> <span class='ocrx_word' id='word_1_234' title='bbox 479 1928 515 1960; x_wconf 89' lang='lat' dir='ltr'><strong>et</strong></span> <span class='ocrx_word' id='word_1_235' title='bbox 537 1936 603 1970; x_wconf 85' lang='lat' dir='ltr'><strong>pro</strong></span> <span class='ocrx_word' id='word_1_236' title='bbox 627 1924 769 1961; x_wconf 87' lang='lat' dir='ltr'><strong>Boeotis</strong></span> <span class='ocrx_word' id='word_1_237' title='bbox 792 1924 976 1960; x_wconf 87' lang='lat' dir='ltr'><strong>Thebanos</strong></span> <span class='ocrx_word' id='word_1_238' title='bbox 999 1924 1239 1961; x_wconf 84' lang='lat' dir='ltr'><strong>nominaverit.</strong></span> <span class='ocrx_word' id='word_1_239' title='bbox 1288 1925 1326 1961; x_wconf 90' lang='lat' dir='ltr'><strong>Si</strong></span> <span class='ocrx_word' id='word_1_240' title='bbox 1349 1925 1405 1962; x_wconf 88' lang='lat'><strong>10-</strong></span> 
     </span>
     <span class='ocr_line' id='line_1_31' title="bbox 191 1984 1406 2031; baseline 0.001 -8"><span class='ocrx_word' id='word_1_241' title='bbox 191 1998 272 2023; x_wconf 88' lang='lat' dir='ltr'><strong>cum</strong></span> <span class='ocrx_word' id='word_1_242' title='bbox 294 1997 314 2021; x_wconf 93' lang='lat' dir='ltr'><strong>e</strong></span> <span class='ocrx_word' id='word_1_243' title='bbox 338 1986 508 2031; x_wconf 76' lang='lat' dir='ltr'><strong>scriptore</strong></span> <span class='ocrx_word' id='word_1_244' title='bbox 532 1985 687 2030; x_wconf 82' lang='lat' dir='ltr'><strong>quodam</strong></span> <span class='ocrx_word' id='word_1_245' title='bbox 709 1985 916 2031; x_wconf 88' lang='lat' dir='ltr'><strong>desumpsit,</strong></span> <span class='ocrx_word' id='word_1_246' title='bbox 943 1996 1015 2021; x_wconf 89' lang='lat' dir='ltr'><strong>non</strong></span> <span class='ocrx_word' id='word_1_247' title='bbox 1039 1988 1108 2029; x_wconf 86' lang='lat' dir='ltr'><strong>est,</strong></span> <span class='ocrx_word' id='word_1_248' title='bbox 1132 1986 1228 2031; x_wconf 91' lang='lat' dir='ltr'><strong>quod</strong></span> <span class='ocrx_word' id='word_1_249' title='bbox 1251 1984 1406 2024; x_wconf 87' lang='lat' dir='ltr'><strong>offenda-</strong></span> 
     </span>
     <span class='ocr_line' id='line_1_32' title="bbox 190 2044 1406 2092; baseline 0 -9"><span class='ocrx_word' id='word_1_250' title='bbox 190 2058 279 2083; x_wconf 90' lang='lat' dir='ltr'><strong>mus.</strong></span> <span class='ocrx_word' id='word_1_251' title='bbox 327 2045 443 2089; x_wconf 83' lang='lat' dir='ltr'><strong>Quare</strong></span> <span class='ocrx_word' id='word_1_252' title='bbox 466 2056 539 2081; x_wconf 90' lang='lat' dir='ltr'><strong>non</strong></span> <span class='ocrx_word' id='word_1_253' title='bbox 562 2048 648 2092; x_wconf 90' lang='lat' dir='ltr'><strong>puto</strong></span> <span class='ocrx_word' id='word_1_254' title='bbox 672 2044 900 2082; x_wconf 88' lang='lat' dir='ltr'><strong>Plutarchum</strong></span> <span class='ocrx_word' id='word_1_255' title='bbox 924 2045 962 2081; x_wconf 91' lang='lat' dir='ltr'><strong>in</strong></span> <span class='ocrx_word' id='word_1_256' title='bbox 986 2046 1165 2082; x_wconf 88' lang='lat' dir='ltr'><strong>narranda</strong></span> <span class='ocrx_word' id='word_1_257' title='bbox 1189 2046 1257 2083; x_wconf 84' lang='lat' dir='ltr'><strong>hac</strong></span> <span class='ocrx_word' id='word_1_258' title='bbox 1280 2057 1319 2083; x_wconf 87' lang='lat' dir='ltr'><strong>re</strong></span> <span class='ocrx_word' id='word_1_259' title='bbox 1334 2045 1406 2084; x_wconf 86' lang='lat' dir='ltr'><strong>He-</strong></span> 
     </span>
     <span class='ocr_line' id='line_1_33' title="bbox 189 2107 1405 2152; baseline 0 -6"><span class='ocrx_word' id='word_1_260' title='bbox 189 2109 352 2146; x_wconf 85' lang='lat' dir='ltr'><strong>rodotum</strong></span> <span class='ocrx_word' id='word_1_261' title='bbox 376 2108 588 2152; x_wconf 88' lang='lat' dir='ltr'><strong>excussisse,</strong></span> <span class='ocrx_word' id='word_1_262' title='bbox 622 2107 684 2144; x_wconf 91' lang='lat' dir='ltr'><strong>sed</strong></span> <span class='ocrx_word' id='word_1_263' title='bbox 716 2120 760 2144; x_wconf 91' lang='lat' dir='ltr'><strong>ex</strong></span> <span class='ocrx_word' id='word_1_264' title='bbox 782 2108 853 2143; x_wconf 91' lang='lat' dir='ltr'><strong>alio</strong></span> <span class='ocrx_word' id='word_1_265' title='bbox 877 2107 974 2144; x_wconf 84' lang='lat' dir='ltr'><strong>fonte</strong></span> <span class='ocrx_word' id='word_1_266' title='bbox 996 2107 1138 2145; x_wconf 90' lang='lat' dir='ltr'><strong>fluxisse</strong></span> <span class='ocrx_word' id='word_1_267' title='bbox 1163 2108 1256 2145; x_wconf 88' lang='lat' dir='ltr'><strong>hanc</strong></span> <span class='ocrx_word' id='word_1_268' title='bbox 1280 2120 1405 2146; x_wconf 81' lang='lat' dir='ltr'><strong>narra-</strong></span> 
     </span>
     <span class='ocr_line' id='line_1_34' title="bbox 188 2169 1404 2215; baseline 0 -7"><span class='ocrx_word' id='word_1_269' title='bbox 188 2171 337 2215; x_wconf 89' lang='lat' dir='ltr'><strong>tionem,</strong></span> <span class='ocrx_word' id='word_1_270' title='bbox 361 2170 422 2215; x_wconf 89' lang='lat' dir='ltr'><strong>qui</strong></span> <span class='ocrx_word' id='word_1_271' title='bbox 444 2169 585 2215; x_wconf 91' lang='lat' dir='ltr'><strong>quidem</strong></span> <span class='ocrx_word' id='word_1_272' title='bbox 600 2169 779 2206; x_wconf 87' lang='lat' dir='ltr'><strong>Herodoto</strong></span> <span class='ocrx_word' id='word_1_273' title='bbox 802 2181 887 2206; x_wconf 89' lang='lat' dir='ltr'><strong>usus</strong></span> <span class='ocrx_word' id='word_1_274' title='bbox 912 2170 966 2206; x_wconf 89' lang='lat' dir='ltr'><strong>sit.</strong></span> <span class='ocrx_word' id='word_1_275' title='bbox 1015 2169 1065 2206; x_wconf 90' lang='lat' dir='ltr'><strong>Ut</strong></span> <span class='ocrx_word' id='word_1_276' title='bbox 1086 2170 1154 2207; x_wconf 91' lang='lat' dir='ltr'><strong>hoc</strong></span> <span class='ocrx_word' id='word_1_277' title='bbox 1177 2170 1250 2207; x_wconf 84' lang='lat' dir='ltr'><strong>fere</strong></span> <span class='ocrx_word' id='word_1_278' title='bbox 1274 2181 1404 2215; x_wconf 86' lang='lat' dir='ltr'><strong>omnes,</strong></span> 
     </span>
     <span class='ocr_line' id='line_1_35' title="bbox 189 2230 1404 2278; baseline 0 -10"><span class='ocrx_word' id='word_1_279' title='bbox 189 2232 252 2278; x_wconf 91' lang='lat' dir='ltr'><strong>qui</strong></span> <span class='ocrx_word' id='word_1_280' title='bbox 275 2231 319 2268; x_wconf 90' lang='lat' dir='ltr'><strong>de</strong></span> <span class='ocrx_word' id='word_1_281' title='bbox 341 2231 444 2267; x_wconf 92' lang='lat' dir='ltr'><strong>bellis</strong></span> <span class='ocrx_word' id='word_1_282' title='bbox 468 2242 548 2267; x_wconf 91' lang='lat' dir='ltr'><strong>cum</strong></span> <span class='ocrx_word' id='word_1_283' title='bbox 572 2230 686 2267; x_wconf 89' lang='lat' dir='ltr'><strong>Persis</strong></span> <span class='ocrx_word' id='word_1_284' title='bbox 717 2231 824 2277; x_wconf 86' lang='lat' dir='ltr'><strong>gestis</strong></span> <span class='ocrx_word' id='word_1_285' title='bbox 856 2231 1087 2277; x_wconf 88' lang='lat' dir='ltr'><strong>scripserunt,</strong></span> <span class='ocrx_word' id='word_1_286' title='bbox 1125 2231 1182 2277; x_wconf 59' lang='lat' dir='ltr'><strong>esi</strong></span> <span class='ocrx_word' id='word_1_287' title='bbox 1215 2234 1314 2275; x_wconf 88' lang='lat' dir='ltr'><strong>sunt,</strong></span> <span class='ocrx_word' id='word_1_288' title='bbox 1352 2231 1404 2268; x_wconf 89' lang='lat' dir='ltr'><strong>ita</strong></span> 
     </span>
     <span class='ocr_line' id='line_1_36' title="bbox 189 2292 1404 2339; baseline 0.002 -8"><span class='ocrx_word' id='word_1_289' title='bbox 189 2295 226 2331; x_wconf 89' lang='lat' dir='ltr'><strong>in</strong></span> <span class='ocrx_word' id='word_1_290' title='bbox 249 2297 409 2330; x_wconf 73' lang='lat' dir='ltr'><strong>nostram</strong></span> <span class='ocrx_word' id='word_1_291' title='bbox 431 2293 539 2329; x_wconf 84' lang='lat' dir='ltr'><strong>vitam</strong></span> <span class='ocrx_word' id='word_1_292' title='bbox 560 2292 597 2328; x_wconf 90' lang='lat' dir='ltr'><strong>id</strong></span> <span class='ocrx_word' id='word_1_293' title='bbox 621 2292 746 2329; x_wconf 88' lang='lat' dir='ltr'><strong>cadere</strong></span> <span class='ocrx_word' id='word_1_294' title='bbox 762 2292 1033 2337; x_wconf 89' lang='lat' dir='ltr'><strong>demonstratur,</strong></span> <span class='ocrx_word' id='word_1_295' title='bbox 1056 2292 1152 2339; x_wconf 83' lang='lat' dir='ltr'><strong>quod</strong></span> <span class='ocrx_word' id='word_1_296' title='bbox 1171 2293 1293 2330; x_wconf 80' lang='lat' dir='ltr'><strong>multis</strong></span> <span class='ocrx_word' id='word_1_297' title='bbox 1316 2293 1404 2333; x_wconf 72' lang='lat' dir='ltr'><strong>loci·</strong></span> 
     </span>
    </p>
   </div>
  </div>
 </body>
</html>
