1520 2520
767 85 813 121 35

179 192 327 230 tandum
352 193 407 229 sit.
456 193 570 236 Quum
592 192 687 239 enim
719 192 1006 230 verisimillimum
1030 193 1079 229 sit
1114 193 1181 230 hoc
1204 193 1251 229 ad
1285 193 1395 230 fastos

179 267 203 292 a
222 254 321 292 Julio
343 251 494 292 Caes'are
517 257 694 291 correctos
716 254 865 299 referre,
889 256 1019 303 quippe
1042 256 1104 302 qui
1126 267 1200 293 non
1222 256 1268 293 ad
1285 255 1394 293 Grae-

179 329 301 354 carum
324 318 503 355 civitatum
529 317 590 353 sed
613 318 852 354 Romanorum
877 322 1091 362 spectarent,
1116 319 1222 355 verba
1246 317 1309 354 καὶ
1333 321 1395 354 νῦν

178 378 226 415 ad
250 378 432 416 Plutarchi
454 381 614 424 tempora
639 378 821 415 referenda
854 382 891 415 et
912 379 982 426 ipsi
1009 380 1198 416 tribuenda
1223 383 1324 423 sunt,
1357 379 1394 415 id

179 441 276 486 quod
297 441 397 478 initio
428 441 552 487 capitis
569 440 664 484 XXI,
688 441 750 477 ubi
773 440 820 476 ad
842 441 940 477 aliud
964 441 1060 487 quid,
1086 442 1180 487 quod
1204 442 1262 477 hic
1278 441 1392 485 affert,

109 499 118 507 ’
179 503 316 546 redibo,
339 503 557 550 probabilius
581 515 761 550 exponam.

273 566 357 613 Cap.
382 566 448 603 XX
470 571 593 603 narrat
616 566 825 603 Plutarchus
849 566 1079 603 Athenienses
1103 570 1138 603 et
1159 567 1393 604 Lacedaemo-

180 630 256 665 nios
282 629 517 666 simultatibus
541 633 734 665 commotos
758 641 868 675 paene
885 641 1010 664 manus
1028 630 1254 671 conseruisse,
1270 629 1392 670 donec,

179 703 287 737 quum
310 694 453 727 auctore
476 690 667 733 Gleocrito,
700 690 962 726 Corinthiorum
991 690 1098 734 duce,
1130 690 1392 727 Plataeensibus

179 754 372 800 praemium
395 754 561 790 victoriae
584 744 850 796 concederetur,
873 764 944 799 pax
965 753 1128 789 restituta
1151 756 1251 789 esset.
1299 753 1392 789 Illud

178 816 247 860 „de
263 816 483 863 malignitate
501 816 593 852 872“
617 816 730 860 affert,
755 827 868 862 neque
891 827 974 852 vero
990 815 1067 852 hoc.
1116 816 1213 859 Quae
1236 816 1354 853 omnia
1369 829 1392 852 a

179 878 303 915 ceteris
327 890 442 914 rerum
465 878 692 924 scriptoribus
724 890 795 913 non
820 882 1145 920 commemorantur.
1193 878 1392 914 Herodotus

116 936 128 942 ⁹
178 939 247 984 IX,
273 940 317 976 71
341 939 624 976 Lacedaemoniis
648 951 712 975 suo
737 939 866 976 iudicio
888 939 1082 986 praemium
1114 939 1247 976 addicit
1278 952 1392 987 neque

178 1015 261 1041 vero
285 1005 386 1039 affert
414 1003 553 1049 publice
582 1003 738 1048 praemia
768 1002 957 1038 distributa
987 1014 1072 1039 esse.
1121 1003 1296 1039 Diodorus
1324 1004 1392 1040 hoc

179 1065 320 1113 quidem
349 1068 490 1107 narrat,
527 1063 589 1100 sed
626 1063 920 1100 Lacedaemonios
952 1066 988 1099 et
1020 1063 1230 1100 Pausaniam
1261 1076 1392 1101 corona

178 1128 327 1164 donatos
351 1130 426 1163 ess'e
448 1130 572 1162 auctor
595 1131 658 1161 est.
711 1126 778 1167 Qui
801 1138 909 1171 quum
933 1126 1039 1171 igitur
1063 1138 1286 1171 omnes'cum
1308 1127 1391 1163 Plu-

178 1189 303 1225 tarcho
326 1191 498 1235 pugnent,
539 1188 576 1223 id
608 1188 702 1233 quod
735 1187 838 1223 affert
871 1199 943 1223 non
974 1188 1078 1224 aliter
1100 1188 1169 1223 nisi
1192 1187 1392 1224 diffidenter

177 1251 335 1297 accipere
358 1262 558 1296 possumus,
595 1254 630 1286 et
653 1261 866 1296 quamquam
896 1261 968 1286 non
991 1261 1080 1296 nego
1112 1262 1265 1296 pugnam
1296 1262 1391 1286 com-

177 1312 269 1348 mitti
301 1312 473 1358 potuisse,
513 1311 592 1347 finis
625 1311 695 1347 fide
727 1323 832 1357 quam
862 1310 1122 1357 indignissimus
1154 1314 1217 1347 est.
1271 1311 1390 1357 Neque

177 1374 281 1418 enim,
305 1385 412 1420 quum
428 1374 626 1410 Herodotus
651 1377 687 1410 et
704 1374 915 1410 Plutarchus
937 1374 975 1409 in
998 1374 1048 1409 eis
1065 1385 1155 1419 quae
1178 1373 1390 1410 antecedunt

177 1439 322 1474 narrent
345 1436 544 1473 Corinthios
574 1449 712 1484 pugnae
743 1449 815 1473 non
843 1436 1058 1479 interfuisse,
1091 1435 1266 1483 intelligo,
1302 1447 1388 1482 quo-

178 1498 283 1534 modo
315 1497 507 1534 Cleocritus
539 1502 673 1534 ceteros
717 1498 889 1534 adducere
925 1498 1096 1543 potuerit,
1135 1500 1176 1532 ut
1208 1497 1389 1533 crederent

176 1572 242 1607 pro
260 1559 392 1596 civibus
417 1572 454 1596 se
478 1561 672 1606 praemium
703 1560 861 1606 accipere
885 1559 1067 1596 studuisse.
1116 1558 1230 1601 Quod*
1248 1559 1278 1594 si
1308 1571 1388 1595 cum

175 1623 246 1660 illis
271 1634 525 1669 comparamus,
551 1623 625 1659 risu
648 1623 791 1669 dignum
815 1626 884 1665 est,
908 1622 969 1658 sed
994 1623 1023 1658 si
1046 1622 1167 1668 paullo
1189 1621 1388 1658 accuratius

175 1685 256 1732 plus
290 1685 493 1732 leger-imm,
514 1723 517 1727 ,
535 1686 653 1721 statim
685 1696 950 1730 cognoscemus,
992 1696 1061 1730 quo
1093 1686 1208 1719 totum
1243 1687 1387 1729 spectet,

176 1747 438 1795 Plataeensibus
463 1759 597 1784 summo
623 1747 749 1784 honori
773 1748 819 1784 sit
841 1759 981 1784 necesse
996 1750 1059 1790 est,
1084 1746 1177 1792 quod
1195 1746 1387 1784 Cleocritus

175 1811 369 1847 orationem
385 1810 527 1854 habuit,
552 1822 642 1857 quae
659 1810 819 1847 omnibus
842 1810 977 1858 placuit
1000 1813 1035 1846 et
1057 1809 1161 1846 laude
1181 1809 1288 1856 digna
1312 1822 1387 1847 esse

174 1873 358 1910 videbatur
381 1877 417 1909 et
440 1873 535 1919 quod
552 1873 619 1910 bac
637 1874 795 1910 oratione
818 1884 938 1908 omnes
954 1871 1118 1908 commoti
1143 1871 1192 1908 eis
1209 1872 1387 1919 octoginta

174 1936 309 1973 talenta
333 1935 522 1979 dederunt,
555 1936 680 1981 quibus
712 1928 881 1981 templum
905 1934 1080 1970 Minervae
1103 1933 1385 1976 aedificaverunt,

174 1997 319 2045 picturis
354 2001 585 2041 ornaverunt,
620 1998 843 2033 simulacrum
875 1996 1143 2034 collocaverunt.
1192 1996 1283 2032 Nam
1314 1997 1385 2032 iam

173 2060 209 2096 id
233 2059 328 2106 quod
351 2060 520 2106 pecuniae
543 2060 592 2096 eis
616 2059 709 2096 dono
741 2059 846 2099 datae
878 2062 961 2095 sunt
992 2058 1118 2095 honori
1141 2058 1190 2095 eis
1205 2046 1307 2102 erat,
1331 2060 1385 2096 in-

172 2121 294 2168 primis
317 2124 435 2157 autem
458 2121 698 2157 sacerdotibus
721 2121 843 2167 templi
871 2132 1027 2172 summae
1057 2120 1172 2161 laudi,
1210 2120 1306 2166 quod
1330 2121 1385 2157 his

172 2183 388 2231 temporibus
417 2183 548 2220 talibus
582 2184 713 2221 caussis
742 2183 910 2230 templum
942 2183 1142 2220 restitutum
1173 2186 1260 2220 erat.
1315 2184 1383 2221 Sed

172 2260 280 2294 quum
303 2247 559 2292 unusquisque,
583 2247 640 2282 cui
655 2247 883 2288 narrabatur,
908 2246 1082 2291 quomodo
1103 2247 1272 2292 templum
1289 2248 1384 2283 aedi-

137 2320 145 2327 ’
171 2308 313 2345 ficatum
338 2311 446 2351 esset,
471 2320 541 2354 qua
565 2308 712 2344 fuissent
734 2307 940 2344 fortitudine
964 2307 1204 2350 PlataeenSeS,
1235 2307 1383 2348 audiret,
