1520 2520
751 78 795 113 10

159 189 374 222 memoratur
398 188 434 222 et
457 185 564 222 verba
586 186 664 232 ipsa
688 188 761 221 tam
787 185 936 221 obscura
952 188 1115 228 sunt,.ut
1139 197 1230 232 quae
1253 186 1300 224 sit
1323 186 1382 225 ln

158 247 322 293 cognosci
346 257 417 282 non
441 247 568 292 possit,
595 258 707 291 neque
731 257 813 282 vero
837 246 1025 282 reiicienda
1049 251 1152 290 sunt,
1177 259 1284 294 quum
1309 248 1383 294 tale

158 309 244 356 quid
275 309 408 346 factum
442 321 518 345 esse
543 308 748 345 Aristoteles
782 311 907 345 auctor
938 309 994 345 sit.
1043 308 1120 346 Hoc
1148 311 1289 348 tantum
1321 309 1383 348 de—

159 374 344 413 monstrat,
369 374 505 416 quanta
527 370 662 406 iustitia
686 370 793 406 fuerit
809 369 979 407 Aristides
1004 373 1040 406 et
1055 374 1190 416 quanta
1207 372 1382 417 pravitate

158 431 419 468 Themistocles.
469 431 661 468 Consilium
684 432 793 478 igitur
816 431 907 468 idem
933 435 1003 475 est,
1034 431 1128 477 quod
1152 432 1252 468 initii.
1303 432 1380 471 Huo

158 493 305 536 accedit,
330 493 424 538 quod
449 493 522 529 fere
545 494 669 530 eodem
693 494 808 537 modo,
833 506 941 540 quum
967 497 1105 530 tantum
1121 506 1235 540 pauca
1252 496 1380 538 mutet,

157 555 459 591 narratiunculam
484 555 577 591 hanc
601 555 723 591 Cicero
747 556 791 592 de
813 555 938 592 officiis
955 555 999 599 11,
1027 556 1081 599 11,
1107 559 1241 592 narrat.
1289 556 1381 593 Con-

158 619 229 651 stat
253 619 389 658 autem,
414 628 494 651 eum
518 617 630 653 multa
653 618 690 652 in
707 617 893 653 scribendo
919 617 987 653 hoc
1017 629 1122 663 opere
1146 618 1379 664 desumpsisse

158 689 201 713 ex
224 688 329 723 opere
363 677 426 713 illo
458 678 635 721 Panaetii,
676 678 770 723 quod
803 678 1007 724 inscribitur
1032 676 1117 725 περὶ
1141 676 1379 727 καθήκοντος.

158 739 281 781 Quare,
299 742 386 784 puto
409 738 514 774 etiam
541 737 769 785 Plutarchum
794 743 857 774 aut
886 739 1054 774 Panaetio
1078 740 1155 784 ipso
1179 752 1279 776 usum
1305 752 1381 776 esse

157 804 220 838 aut
250 800 287 838 id
328 800 423 848 quod
455 803 599 848 propter
631 800 769 837 initium
800 800 913 837 multo
943 801 1164 838 verisimilius
1199 804 1267 846 est,
1307 801 1380 840 alio

157 865 261 900 docto
287 864 528 899 Alexandrino
559 864 620 909 qui
652 863 793 908 quidem
825 864 900 908 ipse
931 863 1033 899 illum
1064 865 1237 907 excussit,
1273 868 1380 910 atque

157 925 249 962 unde
273 925 340 961 hoc
364 924 507 961 fluxisse
531 925 734 967 statuimus,
765 924 847 960 inde
871 925 976 960 etiam
1000 924 1089 961 illud
1114 924 1272 961 derivare
1307 936 1377 961 non

117 1033 120 1036 ,
156 987 298 1030 dubito,
340 990 379 1022 ut
407 990 521 1022 totum
554 991 661 1032 caput
692 986 931 1022 Alexandrino
960 986 1132 1029 tribuam,
1173 987 1379 1033 praesertim

156 1060 265 1094 quum
290 1048 436 1094 vestigia
460 1048 543 1083 talis
569 1048 676 1084 fontis
699 1048 805 1084 etiam
829 1048 950 1083 multis
967 1048 1045 1084 aliis
1070 1048 1156 1084 locis
1173 1043 1379 1094 appareant.

156 1111 224 1147 Sed
248 1111 292 1147 de
317 1110 373 1146 his
397 1114 520 1156 postea
544 1110 748 1146 videbimus.

251 1173 362 1209 Venio
392 1185 486 1209 nunc
526 1173 574 1208 ad
606 1184 681 1208 eam
715 1177 851 1218 partem
876 1174 984 1216 vitae,
1020 1185 1110 1218 quae
1144 1172 1244 1208 nobis
1268 1172 1380 1209 multo

156 1235 299 1271 maioris
324 1235 491 1270 momenti
519 1238 581 1270 est.
632 1233 723 1269 Nam
754 1247 776 1270 a
801 1235 916 1280 capite
946 1237 1071 1270 octavo
1094 1237 1218 1270 narrat
1241 1233 1379 1270 Plutar-

156 1298 244 1347 chus
267 1309 404 1344 pugnas
428 1297 472 1332 ad
499 1297 714 1333 Salaminem
737 1300 772 1332 et
797 1297 959 1332 Plataeas
984 1297 1098 1332 factas
1122 1299 1158 1332 et
1186 1295 1310 1334 foedus
1333 1296 1381 1333 ab

159 1359 429 1396 Atheniensibus
453 1371 533 1395 cum
557 1358 701 1395 Ionibus
731 1359 850 1395 ictum.
902 1358 1017 1401 Quum
1041 1361 1160 1395 autem
1189 1358 1227 1394 in
1251 1357 1381 1395 descri-

156 1422 272 1459 benda
294 1422 358 1458 illa
381 1434 501 1469 pugna
525 1422 598 1458 vita
613 1421 857 1458 Themistoclis
874 1421 1094 1468 aliquantum
1111 1421 1280 1468 temporis
1295 1433 1381 1458 con-

157 1485 377 1530 sumpsisset,
409 1483 596 1520 verisimile
628 1487 683 1519 est
706 1484 753 1520 ad
779 1487 965 1530 utramque
990 1483 1099 1519 vitam
1130 1484 1168 1519 in
1200 1484 1380 1521 narranda

156 1547 223 1583 hac
247 1559 286 1582 re
309 1558 388 1582 eum
412 1546 606 1592 respexisse
630 1549 667 1581 et
690 1546 828 1592 singula
853 1557 917 1592 pro
942 1557 982 1581 re
1006 1548 1043 1581 et
1065 1545 1212 1581 consilio
1243 1549 1380 1583 mutata

155 1622 328 1647 narrasse.
379 1610 494 1653 Quum
518 1609 613 1645 enim
636 1609 686 1645 ibi
709 1609 745 1644 id
771 1613 908 1654 ageret,
932 1611 973 1643 ut
988 1608 1231 1644 Themistoclis
1254 1609 1381 1645 merita

156 1685 262 1720 quam
286 1672 482 1708 clarissima
505 1670 649 1714 fierent,
675 1674 710 1707 et
734 1671 841 1707 ceteri
866 1670 1156 1713 obscurarentur,
1180 1670 1238 1707 hic
1261 1673 1379 1708 autem

157 1734 327 1770 Aristides
352 1735 469 1770 clarus
494 1734 640 1770 exsistat
665 1737 700 1769 et
723 1733 973 1769 Themistocles
999 1733 1221 1777 obscuretur,
1246 1733 1381 1780 perspi-

156 1808 260 1832 cuum
285 1799 339 1832 est
362 1799 501 1831 tantum
525 1808 566 1831 eo
591 1795 696 1831 modo
720 1807 876 1841 pugnam
900 1798 1065 1831 accurate
1092 1794 1243 1831 describi
1266 1806 1379 1841 posse,

157 1857 252 1903 quod
276 1858 364 1894 duas
388 1858 468 1893 illas
493 1858 714 1894 narrationes
739 1857 992 1904 coniungimus.
1042 1856 1130 1893 Tum
1145 1861 1187 1894 ut
1209 1857 1379 1901 omittam,

157 1918 252 1965 quod
277 1919 453 1955 scribendi
476 1931 586 1965 genus
610 1919 702 1955 idem
728 1919 775 1955 sit
799 1922 835 1955 et
864 1918 986 1955 eodem
1020 1918 1141 1954 ordine
1173 1929 1230 1955 res
1260 1921 1380 1964 gestae

156 1984 363 2023 narrentur,
387 1984 462 2016 tam
486 1981 606 2017 multis
631 1981 717 2016 locis
742 1979 882 2026 singula
907 1979 1015 2015 verba
1038 1980 1131 2015 inter
1164 1991 1201 2015 se
1233 1991 1380 2017 consen·

156 2043 269 2086 tiunt,
306 2054 396 2088 quae
429 2042 528 2078 nullo
560 2042 631 2078 alio
662 2042 767 2077 modo
801 2041 971 2087 explicari
1008 2041 1159 2086 possint,
1200 2052 1306 2086 quam
1339 2044 1381 2079 ut

157 2108 354 2140 statuamus
377 2116 421 2140 ex
446 2116 517 2140 uno
535 2105 632 2140 fonte
657 2116 699 2140 ea
712 2103 872 2146 fluxisse,
896 2107 936 2139 ut
951 2103 1122 2139 nonnulla
1146 2106 1263 2138 autem
1286 2102 1380 2140 inter

157 2177 194 2201 se
218 2165 434 2210 discrepent,
474 2166 509 2200 id
536 2165 631 2210 quod
655 2166 806 2200 maxime
829 2166 866 2200 in
891 2176 932 2200 eo
956 2165 1062 2200 situm
1087 2168 1155 2207 est,
1203 2165 1299 2209 quod
1322 2177 1379 2201 res

157 2227 331 2273 quaedam
355 2227 469 2263 altera
494 2227 698 2264 narratione
716 2230 914 2270 narrentur,
939 2239 1046 2273 quum
1062 2227 1100 2263 in
1124 2226 1238 2263 altera
1253 2225 1379 2271 desint,

157 2289 262 2326 facile
286 2289 423 2325 diverso
449 2290 596 2325 consilio
620 2290 754 2325 factum
778 2301 853 2325 esse
877 2289 1114 2335 intelligimus.
1164 2289 1280 2331 Quare
1304 2288 1380 2326 fieri
