1520 2520
718 110 764 147 21

131 196 412 262 &totileni-sed
437 215 689 264 Mnesiphilum·
707 217 842 265 cepisse
875 217 1079 262 consilium,
1109 218 1351 273 ut‘Salamine

134 277 262 320 Graeci
293 278 411 316 Persis
451 280 670 325 resisterent,
707 280 803 318 idem
833 281 902 318 hoc
934 281 1019 318 loeo
1043 280 1208 318 Aristidi*
1223 280 1350 324 facere,

133 343 348 387 quamquam
369 342 407 378 id
430 346 560 387 mutat,
584 344 680 390 quod
703 344 960 380 Plataeensium
984 336 1057 380 dux
1078 347 1141 380 est.
1190 343 1350 389 Denique

132 403 335 448 eonsilium,
377 407 418 440 ut
450 417 574 452 agrum
590 406 874 443 >Atheniensibus
904 406 1045 449 darent,
1086 405 1349 442 Plataeensibus

132 466 278 503 summo
296 466 422 503 honori
451 468 496 504 sit
527 475 684 504 :necesse
718 472 787 512 est,
828 469 922 514 quod
945 468 983 504 id
1013 468 1126 504 solum
1151 468 1218 511 eis,
1258 480 1349 514 quae

131 527 312 563 oraculum
347 528 570 574 postulabat,
612 528 808 565 sufficiebat
838 532 877 565 ‘et
913 528 1103 564 maximum
1135 531 1348 564 momentum

130 589 297 633 victor-‚iae
329 590 520 635 afferebat,
558 591 719 638 inprimis
754 591 817 628 ubi
850 591 921 627 suis
953 590 1088 636 legibus
1125 590 1177 626 uti
1206 590 1348 636 plurimi

130 652 391 688 aestimabatur.
440 653 572 695 Quum'
593 657 711 689 autem
743 653 953 689 Plutarchus
984 654 1059 702 ipse
1081 653 1234 689 Boeotus
1257 656 1348 689 esset

130 720 244 760 neque
255 714 382 750 ⁸‘minus
406 714 530 751 humili
553 719 661 761 quam
690 715 830 752 ardenti
864 715 1029 752 Boeotiae
1067 726 1187 751 amore
1209 714 1347 751 inflam-

129 778 246 813 matus
268 780 375 821 esset,
398 777 502 815 facile
526 778 591 814 has
614 790 688 822 res,
711 790 802 825 quae
824 778 965 825 quidem
987 790 1062 815 non
1085 779 1239 815 omnium
1259 778 1347 814 Boe-

129 841 267 875 otorum
290 838 439 885 gloriam
463 840 524 876 sed
549 840 805 877 Plataeensium
828 840 1022 887 augebant,
1047 852 1211 884 narrare,
1243 852 1347 887 prae-

128 901 248 938 sertim
272 913 380 948 quum
403 901 560 939 Thebani
590 901 682 939 male
707 914 743 939 se
767 902 953 950 gessissent
976 902 1031 939 his
1055 902 1175 946 bellis,
1208 905 1249 939 ut
1272 902 1345 939 for-

126 966 221 999 tasse
243 963 405 999 nonnihil
428 963 586 1007 tolleret,
623 967 659 999 et
687 975 795 1008 quum
823 964 897 1009 ipse
922 963 1086 1000 sacerdos
1110 967 1219 1007 esset,
1257 964 1346 1000 talia

126 1023 217 1062 mira
239 1024 384 1061 oracula
406 1027 442 1061 et
466 1036 567 1061 sacra
597 1025 685 1061 scire
715 1025 844 1071 optime
875 1028 1024 1071 poterat.
1072 1025 1194 1071 Neque
1229 1025 1345 1061 minus

126 1089 202 1123 tota
226 1088 386 1124 narratio
411 1099 431 1123 e
454 1100 494 1124 re
518 1087 740 1124 sacerdotum
758 1091 821 1131 est,
844 1087 882 1123 id
906 1087 1001 1133 quod
1016 1099 1088 1123 non
1111 1087 1210 1133 parvi
1243 1081 1348 1123 aesti-

125 1148 294 1185 mandum
318 1152 390 1191 est,
416 1160 629 1194 quamquam
653 1148 743 1185 illud
767 1149 906 1195 gravius
932 1152 995 1184 est.
1044 1148 1134 1186 Nam
1149 1148 1206 1184 dei
1222 1149 1345 1185 heroes

129 1211 306 1257 nymphae
331 1211 461 1257 optime
485 1211 528 1247 de
551 1212 698 1247 victoria
727 1211 942 1258 reportanda
971 1214 1183 1248 meruerunt.
1231 1211 1346 1254 Quare

126 1285 234 1320 quum
252 1276 329 1310 tota
347 1273 506 1310 narratio
523 1273 568 1310 ab
585 1272 746 1309 omnibus
767 1285 884 1310 rerum
900 1272 1128 1319 scriptoribus
1143 1272 1343 1316 abhorreat,

127 1334 192 1371 tali
215 1346 288 1371 non
311 1334 500 1371 tribuenda
534 1338 603 1378 est,
644 1335 705 1371 sed
735 1347 841 1381 quum
871 1336 919 1372 sit
952 1347 972 1372 e
1003 1348 1042 1372 re
1071 1336 1284 1373 Boeotorum
1314 1338 1349 1371 et

126 1398 369 1443 sacerdotum,
394 1410 417 1435 a
440 1398 573 1446 templo
596 1398 749 1445 quodam
766 1398 932 1436 Boeotico
958 1403 1037 1437 orta
1062 1400 1108 1436 sit
1127 1412 1268 1437 necesse
1283 1403 1346 1441 est.

126 1461 213 1498 Tum
239 1462 357 1498 omnia
380 1462 466 1497 vitia
488 1461 655 1497 facillime
679 1461 910 1511 explicantur.
960 1462 1081 1507 Neque
1110 1463 1203 1499 enim
1232 1463 1347 1499 solum

126 1535 220 1561 nunc
243 1523 305 1560 sed
328 1523 435 1560 etiam
458 1523 613 1568 antiquis
638 1523 854 1570 temporibus
879 1527 1038 1570 potentes
1068 1524 1265 1562 sacerdotes
1289 1537 1346 1562 res

127 1590 244 1634 gestas
269 1589 484 1623 commutare
509 1585 701 1628 studuisse,
731 1586 810 1630 quis
833 1590 887 1622 est
908 1587 969 1632 qui
993 1590 1096 1633 neget
1118 1591 1154 1623 et
1176 1588 1266 1624 tales
1289 1600 1345 1623 res

126 1650 229 1687 fictas
253 1661 276 1686 a
299 1647 539 1686 sacerdotibus
565 1649 729 1684 narratas
760 1659 835 1685 esse
865 1647 1082 1685 demonstrat
1106 1649 1191 1685 satis
1213 1649 1345 1686 Pansae

126 1713 222 1756 nias,
245 1712 283 1748 in
307 1712 377 1758 qu'o
402 1710 550 1757 scriptas
580 1710 710 1747 multas
738 1710 893 1757 legimus.
943 1710 1049 1747 Cuius
1079 1710 1202 1757 templi
1223 1714 1342 1748 autem

126 1775 251 1818 fuerit,
282 1785 354 1810 non
379 1773 463 1809 satis
487 1776 581 1809 certe
605 1773 676 1809 dici
698 1776 830 1820 potest,
859 1773 1008 1809 fortasse
1031 1772 1142 1808 eidem
1165 1772 1255 1809 fonti
1278 1773 1343 1809 tri-

125 1836 302 1874 buendum
326 1839 394 1880 est,
419 1836 476 1872 cui
499 1847 600 1882 capp.
625 1835 863 1872 XIX—XXII.

218 1899 387 1946 Tegeatae
411 1901 447 1934 et
463 1898 691 1935 Athenienses
715 1899 808 1934 inter
833 1909 870 1934 se
889 1900 1049 1940 certasse,
1075 1896 1146 1933 utri
1162 1896 1341 1933 sinistrum

125 1954 235 1999 cornu
258 1960 440 2008 ducerent,
472 1959 684 1996 Plutarchus
716 1970 792 2005 cap.
819 1958 903 1994 XIII
926 1961 1058 1994 narrat.
1107 1957 1209 2000 Quod
1232 1970 1340 2003 quum

127 2024 299 2062 Diodorus
316 2023 472 2066 omittat,
496 2022 696 2059 Herodotus
712 2021 778 2065 IX,
803 2020 943 2058 26—28
960 2020 1143 2064 describit,
1168 2020 1230 2056 sed
1251 2032 1340 2057 non-

125 2087 233 2124 nullis
255 2086 342 2122 locis
358 2085 578 2131 aliquantum
593 2096 617 2120 a
641 2084 833 2121 Plutarcho
848 2084 1033 2130 discrepat.
1082 2083 1172 2119 Nam
1187 2084 1340 2129 primum

125 2161 181 2186 res
204 2151 321 2195 gestas
352 2145 423 2182 alio
446 2145 613 2192 temporis
644 2145 767 2182 ordine
791 2147 915 2181 narrat
938 2147 1045 2190 atque
1069 2143 1137 2180 hic.
1186 2143 1342 2190 Exponit

102 2213 216 2251 ,enim
256 2222 358 2256 capp.
393 2208 621 2245 XX-xxlv
660 2220 815 2255 pugnam
847 2208 1003 2253 equitum
1038 2207 1225 2244 Persarum
1258 2219 1336 2243 cum

125 2272 394 2312 Atheniensibus
425 2275 462 2307 et
492 2274 640 2308 mortem
662 2270 812 2308 Masistii
841 2274 876 2307 et
899 2282 1000 2317 capp.
1025 2269 1338 2306 XXVI-XXVIII

123 2339 309 2383 postquam
333 2333 469 2370 Graeciv
483 2333 611 2370 iterum
633 2336 751 2370 castra
774 2335 1014 2376 mutaverunt,
1053 2332 1122 2368 hoc
1150 2335 1337 2368 certamen.
