1520 2520
724 114 770 150 28

131 233 208 259 esse
238 223 402 260 nuntium
425 222 565 258 mittere
588 224 625 258 et
648 221 803 258 Graecos
832 220 1055 262 adventasse,
1091 230 1198 265 quum
1228 217 1353 264 strepi-

132 288 208 323 tum
231 288 269 323 et
298 285 487 323 clamorem
520 284 723 325 audiissent.
771 283 812 321 In
846 295 888 321 eo
919 283 1037 331 capite
1069 281 1165 329 quod
1194 281 1353 329 sequitu

133 348 227 386 idem
252 347 339 385 dicit
362 347 423 385 sed
440 347 541 385 addit
560 347 598 384 id
619 347 715 394 quod
731 347 873 394 quidem
893 350 1033 383 tantum
1044 345 1158 383 verbis
1173 341 1225 390 ὥς
1237 343 1353 393 φασὶν

132 408 321 455 probatur,
351 409 514 446 nuntium
539 408 737 446 Pausaniae
759 408 924 445 adfiiisse.
972 407 1136 454 Sequitur
1158 408 1284 454 igitur,
1311 410 1354 444 ut
1378 402 1380 407 ⁴

132 470 177 507 de
209 470 278 507 hac
313 482 352 507 re
388 473 522 507 veteres
558 481 676 507 rerum
716 470 903 517 scriptores
934 482 1007 507 non
1039 469 1133 506 idem
1170 470 1353 507 senserintr

133 532 268 570 Deinde
282 534 390 580 plane
406 535 639 580 congruenter
650 536 810 576 narrant,
834 533 1020 579 quomodo,
1041 544 1151 589 fluum
1167 533 1352 570 Persarum

132 596 267 643 equites
290 596 527 640 adorirentur,
553 595 822 633 Lacedaemonii
845 607 883 632 se
905 597 1077 643 gesserint
1092 599 1129 632 et
1147 595 1352 633 Callicrates

132 662 292 696 mortuus
316 658 373 694 sit.
1344 673 1347 677 ¹

228 720 388 766 Denique
406 719 477 756 fine
493 720 620 767 capitis
637 720 791 767 permiro
803 719 908 757 modo
923 719 1081 756 declarat
1097 730 1229 756 morem
1252 718 1354 757 illum

132 781 510 825 Lacedaemoniorum,
536 793 608 828 quo
631 782 773 819 iuvenes
794 780 927 828 templo
950 781 1099 829 flagellis
1120 781 1354 818 verberaban-

133 847 202 881 tur.
251 843 305 880 De
325 843 390 880 illa
412 855 436 880 a
460 844 635 884 Pausania
661 847 697 880 et
720 843 907 880 comitibus
930 843 1026 880 facta
1049 855 1089 880 re
1112 843 1202 881 nihil
1225 844 1354 881 scimus

132 908 169 942 et
191 916 300 951 quum
323 905 398 941 dies
423 904 533 940 festus
551 903 730 940 Minervae
751 903 896 940 Orthiae
921 904 1169 951 intelligendus
1184 906 1241 948 sit,
1265 905 1354 942 haec

131 979 155 1004 a
183 966 376 1004 Plutarcho
411 966 524 1003 allata
560 966 803 1013 interpretatio
844 969 980 1013 pugnat
1010 978 1091 1003 cum
1121 967 1297 1004 Pausania
1319 967 1353 1011 3,

136 1029 195 1071 16,
223 1029 283 1072 10,
317 1028 378 1074 qui
403 1031 528 1064 narrat
559 1039 582 1063 a
606 1027 766 1074 Lycurgo
789 1027 869 1064 loco
901 1028 1095 1065 hostiarum
1120 1029 1353 1066 humanarum

132 1090 333 1127 institutum
356 1101 432 1126 esse
456 1101 546 1132 eum,
571 1100 684 1135 neque
708 1088 821 1135 Lydia
845 1101 975 1136 pompa
997 1090 1140 1136 cognita
1161 1094 1225 1127 est.
1270 1083 1354 1127 Fal-

133 1165 208 1190 sam
234 1156 351 1189 autem
376 1152 470 1188 hanc
493 1151 763 1197 explicationem
786 1163 863 1187 esse
878 1152 985 1199 etiam
1008 1153 1120 1199 magis
1135 1153 1354 1189 demonstra-

133 1219 204 1258 tur,
230 1214 327 1261 quod
350 1213 561 1250 Plutarchus
586 1213 702 1249 verbis
725 1211 817 1250 ἔνιοι
842 1213 882 1249 δὲ
899 1211 1013 1262 φασίν
1029 1225 1108 1250 eam
1124 1213 1235 1251 affert.
1285 1214 1355 1252 Ne-

134 1290 203 1324 que
226 1278 320 1315 enim
344 1289 455 1314 novus
480 1276 560 1313 fons
583 1276 629 1313 ab
654 1276 709 1313 his
732 1277 871 1323 incipit,
905 1276 966 1313 sed
990 1277 1040 1313 eis
1069 1277 1193 1314 inserit
1215 1277 1353 1314 Plutar-

135 1339 222 1375 chus
249 1342 312 1375 aut
335 1338 415 1375 fons
440 1338 514 1384 eius
538 1337 575 1373 id
599 1335 694 1383 quod
717 1337 861 1374 aliunde
885 1338 1153 1385 desumpserunt
1181 1342 1217 1376 et
1239 1339 1355 1376 verbis

137 1402 329 1452 δυσφορῶν
364 1394 428 1438 οὖν
450 1397 666 1445 Παυσανίας
697 1412 739 1438 ea
770 1413 862 1448 quae
891 1404 1086 1449 sequuntur
1115 1402 1163 1440 ad
1193 1414 1235 1440 ea
1264 1406 1355 1450 quae

135 1465 349 1503 antecedunt
379 1465 634 1509 adnectuntur,
669 1468 710 1500 ut
742 1465 860 1501 eiectis
882 1464 938 1501 his
970 1465 1126 1502 versibus
1151 1466 1271 1503 omnia
1293 1477 1355 1513 op-

135 1528 220 1565 time
244 1527 466 1576 cohaereant.

232 1590 347 1633 Quum
369 1589 570 1626 Herodotus
594 1587 732 1636 pugnas
758 1589 1114 1627 Lacedaemoniorum
1137 1602 1218 1627 cum
1240 1590 1355 1627 Persis

136 1655 173 1688 et
205 1651 469 1688 Atheniensium
503 1663 583 1687 cum
619 1650 795 1688 Thebanis
827 1652 1029 1688 commissas
1065 1653 1194 1689 mixtas
1225 1655 1357 1697 narret,

137 1713 348 1752 Plutarchus
372 1713 419 1789 al?
443 1713 512 1751 hoc
534 1713 645 1750 valde
677 1713 864 1758 abhorret,
900 1713 995 1760 quod
1018 1714 1070 1751 ita
1093 1714 1283 1761 disposuit,
1316 1717 1357 1752 ut

137 1776 289 1823 primum
313 1787 403 1821 quae
420 1775 709 1818 Lacedaemonii,
733 1779 809 1811 tum
825 1788 916 1821 quae
932 1776 1160 1812 Athenienses
1175 1777 1357 1823 gesserint,

139 1839 319 1881 narraret,
343 1848 388 1873 ex
423 1846 494 1883 quo
518 1847 590 1873 non
615 1835 778 1873 concludi
801 1839 918 1884 potest
953 1836 1041 1875 haec
1063 1840 1144 1885 post
1175 1838 1239 1875 illa
1261 1838 1359 1876 facta

138 1911 232 1942 esse,
257 1898 320 1934 sed
343 1901 483 1934 tantum
507 1898 545 1933 id
570 1898 661 1944 egit,
685 1901 726 1934 ut
749 1898 869 1934 omnia
892 1899 1003 1945 magis
1026 1900 1211 1946 perspicua
1231 1904 1358 1938 essent.

137 1960 226 1998 Tum
249 1960 351 1997 initio
376 1959 501 2007 capitis
523 1962 709 2006 puetarum
732 1960 839 1997 simili
862 1960 1050 2007 amploque
1070 1972 1197 2008 genere
1221 1957 1360 1999 dicendi
1426 1956 1429 1959 ¹

138 2028 174 2061 et
204 2023 389 2060 elaborata
421 2023 657 2059 concinnitate
692 2023 812 2059 utitur.
867 2022 1001 2059 Deinde
1036 2034 1250 2069 quamquam
1285 2024 1359 2061 fere

139 2084 278 2123 easdem
302 2096 358 2121 res
381 2083 503 2128 affert,
543 2085 675 2121 omittit
706 2096 853 2122 narrare
883 2085 1052 2132 Tegeatae
1082 2097 1147 2122 nec
1176 2086 1359 2132 auspicato

139 2159 204 2185 nec
220 2147 324 2183 litato
346 2146 475 2182 Persas
498 2146 643 2183 adortos
667 2159 760 2191 esse,
784 2147 845 2183 sed
869 2147 981 2184 multo
1004 2147 1203 2184 accuratius
1226 2150 1361 2191 narrat,

139 2210 316 2259 quomodo
356 2211 483 2247 Persae
519 2209 805 2247 Lacedaemoniis
849 2210 1050 2247 restiterint.
1110 2210 1208 2255 Quae
1243 2210 1361 2248 omnia

142 2273 318 2311 Diodorus
343 2272 473 2308 omittit
505 2274 541 2308 et
564 2274 703 2308 tantum
734 2283 778 2308 ex
806 2283 864 2316 eo,
900 2272 995 2319 quod
1026 2283 1134 2319 quum
1157 2271 1361 2309 Mardonius

140 2335 178 2371 in
214 2333 512 2372 Lacedaemonios
544 2333 741 2377 incidisset,
772 2345 936 2380 magnam
965 2334 1109 2370 caedem
1140 2337 1254 2370 ortam
1286 2344 1361 2371 esse
