1520 2520
747 82 798 120 20

169 192 238 227 hoc
263 202 383 227 omnes
408 190 491 227 deos
515 194 551 226 et
575 190 698 227 heroes
721 193 922 233 enumerat,
944 183 1102 236 id-qu'od
1126 187 1263 226 nullum
1288 188 1389 226 aliud

170 252 294 290 fecisse
317 256 425 300 puto,
449 252 640 299 permirum
663 254 780 288 autem
806 251 900 298 quod
925 251 1059 299 Iupiter
1084 263 1166 289 cum
1186 247 1389 290 ssAn'mnesto

169 315 391 360 colloquitur.
439 313 527 349 Tum
549 313 587 349 id
613 313 707 359 quod
724 313 894 360 templum
911 312 1046 350 Cereris
1062 314 1110 349 ad
1131 313 1260 360 Hysias
1283 308 1390 351 situm

171 387 246 413 esse
270 376 372 421 dicit,
396 379 533 423 pugnat
556 388 635 413 cum
660 375 840 412 Herodoto
865 375 934 419 IX,
958 374 1023 420 57,
1058 376 1133 421 qui
1143 379 1391 413 commemorat

170 439 272 475 iuxta
289 437 453 474 Plataeas
469 438 506 474 id
529 438 646 482 fuisse,
669 437 742 481 ubi,
767 441 955 484 postquam
971 437 1099 474 Graeci
1116 438 1259 474 tertium
1274 434 1391 475 casua

171 504 412 544 mutaverunt,
436 500 480 536 de
504 511 640 536 summa
663 511 781 536 rerum
805 499 1072 536 Lacedaemonii
1095 510 1175 536 cum
1191 496 1320 536 Persis
1330 499 1390 536 de-

171 567 365 600 creverunt.
414 563 469 598 Ex
493 574 564 609 quo
588 561 740 598 eflicitur
755 573 847 598 nova
861 562 1037 608 quaedam
1052 554 1251 599 difficultas.
1276 571 1278 573 ’
1298 561 1388 599 Nam

171 637 280 671 quum
313 625 525 662 Plutarchus
563 624 685 661 eodem
716 625 796 660 loco
833 624 1000 660 sacellum
1024 625 1255 661 Androcratis
1285 625 1391 661 fuisse

171 692 296 723 auctor
321 688 382 731 sit,
407 686 608 723 Herodotus
633 685 694 729 IX,
712 685 766 722 25
791 685 876 722 dicit
909 686 1009 722 iuxta
1032 686 1100 722 hoc
1122 682 1250 722 iterum
1273 688 1391 722 castra

171 750 329 797 posuisse
346 750 512 792 Graecos,
537 753 577 785 ut
600 758 710 795 prope
728 748 864 784 Cereris
889 748 1057 795 templum
1082 759 1158 785 esse
1181 759 1253 785 non
1269 748 1390 795 possit.

170 812 278 849 Nullo
301 813 409 858 igitur
432 811 537 848 modo
561 811 598 846 id
615 810 784 856 explicari
807 813 941 857 potest,
966 810 1061 855 quod
1084 821 1157 846 non
1180 810 1391 846 solum-*He-
1415 830 1416 833 =

171 873 317 910 rodotus
346 874 407 910 sed
439 874 545 910 etiam
576 871 788 909 Plutarchus
820 871 874 908 bis
901 875 1019 909 castra
1048 871 1202 909 Graecos
1236 873 1391 909 mutasse

171 937 344 979 narravit,
385 947 494 982 quum
518 934 700 972 oraculum
731 946 790 971 eos
823 934 891 971 hoc
924 934 1003 971 loco
1035 945 1193 981 pugnare
1218 934 1390 977 iussisset,

171 1009 284 1043 neque
308 1008 378 1043 quo
400 997 545 1033 tandem
570 997 648 1033 loco
672 999 866 1043 pugnatum
897 996 952 1032 sit.
1007 995 1142 1032 Deinde
1172 1006 1245 1032 non
1276 995 1392 1040 video,

172 1073 236 1097 cur
270 1059 444 1096 Aristides
477 1071 519 1096 eo
555 1060 745 1096 exercitum
783 1059 939 1103 duxerit,
980 1069 1089 1105 quum
1125 1059 1320 1096 Pausanias
1340 1060 1392 1096 ‘ei

172 1126 358 1169 praeesset.
409 1121 569 1167 Denique
591 1125 704 1158 totum
728 1120 805 1157 fieri
829 1132 902 1158 non
925 1121 1042 1168 potuit
1066 1124 1102 1158 et
1123 1132 1230 1167 quam
1245 1120 1392 1158 falsissi-

172 1196 269 1220 mum
306 1188 369 1220 est.
418 1183 510 1220 Nam
533 1183 734 1220 Herodotus
758 1183 824 1228 VI,
858 1183 925 1219 118
956 1188 1080 1220 narrat
1108 1184 1331 1221 Plataeenses
1354 1195 1393 1220 se

175 1247 212 1282 in
235 1245 341 1282 fidem
367 1246 631 1283 Atheniensium
656 1246 811 1290 dedisse,
836 1245 897 1282 sed
921 1245 989 1282 hoc
1012 1246 1160 1293 triginta
1182 1246 1285 1283 annis
1308 1249 1391 1283 ante

172 1309 305 1345 factum
330 1312 391 1344 est.
443 1308 518 1344 Hoc
544 1309 621 1345 loco
649 1312 767 1345 autem
801 1308 887 1344 dicit
909 1307 1137 1352 Plutarchus,
1170 1308 1392 1345 Plataeenses

173 1370 444 1407 Atheniensibus
468 1382 592 1418 agrum
616 1370 770 1414 dedisse,
810 1370 847 1407 id
883 1370 980 1417 quod
1007 1382 1120 1417 neque
1154 1370 1200 1407 ab
1223 1369 1297 1407 ullo
1319 1359 1392 1407 alio

172 1433 343 1478 scriptore
359 1436 526 1468 narratur
540 1436 576 1468 et
598 1444 621 1468 a
637 1432 828 1469 Plutarcho
849 1436 987 1469 tantum
1001 1433 1080 1469 hic.
1129 1432 1258 1475 Quanti
1273 1435 1393 1468 autem

171 1495 338 1531 momenti
362 1494 429 1530 hoc
453 1495 691 1531 testimonium
722 1495 786 1538 sit,
824 1495 1042 1531 demonstrat
1070 1494 1108 1531 id
1137 1494 1232 1541 quod
1254 1493 1392 1532 duobus

172 1558 252 1594 aliis
275 1558 362 1593 locis
385 1558 422 1593 in
447 1557 638 1593 Plutarcho
662 1558 832 1603 scriptum
857 1557 1015 1603 legimus.
1064 1557 1156 1593 Nam
1179 1558 1246 1601 „de
1267 1557 1393 1603 malig-

172 1620 282 1656 nitate
305 1618 496 1655 Herodoti“
522 1630 602 1665 pag.
628 1617 700 1654 860
724 1617 819 1654 hunc
844 1618 1033 1665 vituperat,
1058 1618 1153 1664 quod
1170 1618 1260 1654 dixit
1282 1618 1392 1655 Lace-

173 1681 375 1718 daemonios
391 1681 522 1718 idcirco
540 1681 779 1725 Plataeenses,
803 1681 864 1727 qui
880 1680 1049 1718 auxilium
1066 1681 1112 1718 ab
1134 1681 1184 1718 eis
1200 1682 1392 1729 petiissent,

173 1743 219 1778 ad
242 1743 472 1779 Athenienses
496 1743 648 1786 misisse,
673 1746 714 1779 ut
737 1754 862 1779 caussa
887 1743 1087 1779 certaminis
1111 1743 1166 1779 his
1190 1747 1226 1779 et
1249 1743 1392 1780 Boeotis

173 1809 290 1841 essent
328 1809 436 1850 atque
472 1805 509 1839 in
543 1804 745 1840 Alexandro
781 1815 858 1851 cap.
898 1804 1047 1841 XXXIV
1082 1804 1266 1841 consilium
1287 1806 1391 1852 regis

173 1867 397 1903 Plataearum
421 1866 618 1902 dirutarum
641 1866 938 1903 restituendarum
955 1878 1231 1904 commemorans
1252 1870 1392 1903 tantum

174 1941 252 1965 eam
287 1940 446 1965 caussam
484 1928 603 1972 affert,
645 1929 739 1975 quod
769 1941 893 1976 agrum
927 1941 1065 1976 pugnae
1101 1920 1216 1966 locum
1247 1925 1392 1965 Graecis

174 1992 402 2039 praebuerint
426 2003 539 2037 neque
555 2003 637 2028 vero
651 2003 800 2037 usquam
827 1992 1055 2028 Athenienses
1080 1991 1173 2029 dono
1197 2004 1276 2029 eum
1293 2003 1393 2029 acce-

174 2056 267 2100 pisse
298 2054 393 2090 dicit.
452 2054 643 2089 Consilium
679 2055 788 2090 totius
820 2054 1034 2090 narrationis
1063 2066 1082 2090 e
1113 2065 1152 2090 re
1182 2043 1397 2090 Boeotorum

177 2121 240 2153 est.
289 2116 379 2152 Nam
405 2117 462 2152 dei
486 2120 522 2152 et
545 2116 687 2161 heroes,
726 2117 788 2162 qui
821 2116 910 2153 bene
940 2116 985 2153 de
1009 2116 1156 2153 victoria
1179 2119 1393 2161 meruerunt,

175 2181 433 2217 Plataeensium
457 2183 548 2216 sunt.
598 2179 686 2216 Tum
709 2192 755 2217 ne
778 2180 952 2216 exercitus
978 2179 1141 2224 decedat,
1165 2180 1238 2216 dux
1254 2179 1394 2216 Platae-

175 2242 310 2279 ensium
334 2241 459 2285 efficit,
497 2245 605 2287 atque
628 2241 819 2278 iucundum
844 2246 897 2279 est
919 2242 996 2279 visu
1019 2242 1259 2286 Plutarchum,
1284 2242 1391 2288 quum

175 2305 242 2349 „de
257 2304 499 2351 malignitate“
517 2304 735 2342 Herodotum
751 2306 935 2352 yituperet,
959 2305 1055 2350 quod
1072 2304 1201 2342 dixerit
1217 2313 1288 2341 non
1304 2303 1393 2342 ’Πισ-
1429 2302 1433 2306 ’

1446 2368 1514 2520 1
