1520 2520
719 106 763 141 13

133 213 170 247 et
192 211 244 247 rei
265 211 333 257 ipsi
355 212 506 248 additas.
555 212 760 257 Desumpsit
794 215 911 248 autem
935 212 1146 248 Plutarchus
1173 211 1269 247 hunc
1301 211 1354 246 lo-

133 282 213 307 cum
229 282 273 307 ex
285 259 440 318 Ephoro,
456 284 564 318 quum
580 276 616 309 et
632 273 691 309 hic
709 276 745 309 et
766 273 803 309 in
821 273 1052 310 Themistocle
1068 274 1105 310 111
1123 273 1354 310 describenda

132 345 250 381 pugna
261 334 324 371 illo
335 339 492 372 uteretur
507 347 620 381 neque
637 335 784 379 videam,
801 349 864 372 cur
876 337 983 372 alium
999 337 1132 373 fontem
1149 337 1352 373 excusserit.

226 397 356 433 Versus
388 391 540 443 quinque
571 397 672 440 illos,
710 398 771 443 qui
809 403 1018 443 sequuntur,
1058 398 1249 435 Plutarcho
1284 399 1351 447 ipsi

131 458 267 502 tribuo,
304 459 433 506 quippe
457 459 518 504 qui
548 460 715 504 temporis
742 460 894 505 spatium
917 461 1010 497 inter
1032 461 1184 508 reditum
1209 464 1244 497 et
1277 461 1351 507 ple-

131 521 293 558 biscitum
317 522 458 568 explere
481 522 573 558 velit.
624 521 692 557 Sed
718 522 783 557 has
799 533 854 558 res
879 522 971 559 male
992 523 1084 559 inter
1103 535 1139 560 se
1156 524 1350 567 coniunxit,

131 583 252 620 dicens
284 583 514 620 Athenienses
547 594 676 630 magno
708 595 825 620 errore
857 588 979 631 captos
1011 597 1086 621 esse
1119 589 1154 622 et
1183 585 1274 622 falso
1306 586 1350 622 de

131 644 284 681 Aristide
307 644 491 688 iudicasse,
516 656 624 690 quum
648 657 719 680 non
737 646 850 681 solum
866 649 949 681 ante
965 645 1185 691 plebiscitum
1211 658 1348 693 semper

131 707 287 743 Graecos
309 706 355 742 ad
387 706 586 743 libertatem
616 707 811 753 impulisset
840 706 900 743 sed
930 707 1037 743 etiam
1068 706 1348 750 Themistoclem,

131 780 201 814 quo
224 780 328 805 nemo
353 769 386 805 ei
410 769 585 805 inimicior
602 773 710 812 esset,
734 769 965 805 clarissimum
989 768 1128 805 fecisset
1151 772 1187 805 et
1211 781 1348 815 semper

129 831 330 868 adiuvisset.
380 830 472 867 Nam
496 830 563 868 hoc
587 834 700 868 totum
733 830 860 868 falsum
892 834 955 867 est.
1004 831 1089 867 Cum
1114 831 1348 868 Themistocle

129 898 269 931 tantum
296 893 473 931 Salamine
503 894 571 930 fuit
601 898 637 930 et
661 894 718 930 hic
742 894 802 930 ille
825 895 896 930 iam
928 894 1059 940 optime
1089 894 1232 931 Graecis
1264 906 1348 931 con-

129 957 301 1001 suluerat,
325 957 362 992 id
386 959 503 993 autem
528 956 622 1002 quod
648 957 838 1000 nuntiavit,
868 956 1014 991 classem
1037 957 1188 992 cinctam
1212 968 1288 991 esse
1311 959 1347 992 et

128 1018 321 1065 Eurybiadi
333 1019 520 1065 persuasit,
537 1022 577 1054 ut
592 1021 783 1064 pugnaret,
808 1017 940 1053 nullius
956 1017 1124 1053 momenti
1140 1020 1203 1053 est.
1254 1016 1345 1053 Nam

127 1082 265 1115 tantum
289 1079 326 1115 id
347 1077 537 1122 nuntiavit,
573 1078 667 1124 quod
691 1077 942 1114 Themistocles
966 1077 1113 1121 fecerat,
1150 1081 1187 1114 et
1210 1090 1343 1125 pugna·

128 1144 205 1176 rent
235 1140 361 1176 Graeci
394 1151 534 1176 necesse
567 1143 653 1176 erat.
711 1140 870 1185 Denique
905 1141 1119 1186 expugnatio
1153 1140 1345 1187 Psyttaliae

127 1194 285 1247 quamvis
309 1214 438 1248 magna
470 1202 592 1245 fuerit,
632 1206 748 1238 tamen
783 1214 855 1237 non
887 1205 1026 1237 tantum
1059 1206 1275 1238 momentum
1297 1203 1345 1238 ad

126 1261 368 1299 Themistoclis
397 1263 546 1309 gloriam
578 1263 708 1299 attulit.
757 1262 873 1298 Verba
903 1263 1009 1309 igitur
1041 1263 1130 1299 haec
1164 1275 1228 1300 nec
1264 1276 1344 1300 cum

126 1324 176 1360 eis
208 1336 299 1369 quae
332 1328 526 1370 sequuntur
551 1324 756 1367 cohaerent,
787 1336 895 1369 quum
919 1324 1011 1360 falsa
1043 1325 1131 1367 sint,
1164 1337 1228 1361 nec
1252 1336 1342 1370 quae

124 1384 357 1432 praecedunt,
398 1397 505 1431 quum
536 1384 680 1421 tandem
710 1384 781 1421 illis
810 1385 955 1431 probari
985 1388 1130 1432 possint.
1180 1386 1259 1423 Huc
1283 1398 1342 1423 ac-

125 1448 233 1491 cedit,
258 1448 352 1494 quod
376 1448 473 1484 salva
497 1449 671 1484 sententia
695 1447 833 1483 auferre
856 1459 1051 1493 possumuS.

218 1509 366 1554 Reliquo
390 1509 505 1554 capite
531 1512 669 1551 narrat,
694 1509 869 1554 quomodo
886 1509 1054 1545 Aristides
1070 1521 1093 1545 a
1108 1508 1340 1546 Themistocle

124 1573 289 1616 exceptus
313 1571 359 1607 sit
382 1574 418 1607 et
440 1571 478 1606 in
509 1571 637 1607 ducum
671 1570 817 1607 consilio
849 1583 886 1607 se
917 1571 1072 1617 gesserit.
1122 1571 1200 1614 Qua
1231 1584 1340 1617 quum

124 1632 167 1668 de
191 1645 229 1668 re
245 1632 420 1668 Diodorus
443 1632 532 1667 nihil
555 1632 651 1668 dicat
675 1644 787 1677 neque
811 1644 966 1677 unquam
983 1633 1172 1669 Aristidem
1188 1646 1339 1670 comme-

123 1698 253 1739 moret,
287 1704 367 1732 cum
391 1695 459 1731 hoc
482 1695 597 1741 capite
622 1694 697 1730 solo
728 1706 799 1730 non
824 1697 878 1730 est
901 1695 1168 1740 comparandus.
1218 1695 1338 1732 Nihilo

122 1756 269 1792 similior
290 1760 344 1792 est
366 1756 575 1792 Herodotus.
625 1757 714 1791 Nam
738 1760 779 1792 ut
807 1757 1103 1801 praetermittam,
1138 1758 1232 1802 quod
1256 1758 1339 1798 Plu-

119 1818 236 1854 tarchi
249 1818 359 1855 verba
376 1816 522 1861 οὐδενὸς
546 1816 758 1866 προειδότος
783 1816 847 1865 τὴν
862 1815 1041 1853 κύκλωσιν
1064 1830 1145 1854 011111
1166 1818 1337 1855 Herodoti

121 1880 221 1924 VIII,
256 1880 319 1924 78,
350 1876 482 1928 ᾔδεσαν
515 1877 547 1915 δ’
586 1876 680 1915 οὔκω
704 1877 762 1915 ὅτι
800 1879 916 1926 σφέας
952 1879 1234 1927 περικυκλέοντο
1264 1892 1336 1915 11011

119 1943 209 1980 nihil
233 1944 471 1988 consentiunt,
495 1943 600 1990 plane
625 1944 715 1979 inter
741 1953 777 1978 se
806 1941 1009 1979 abhorrent.
1057 1942 1122 1979 Ille
1148 1944 1336 1991 praecipue

118 2008 242 2042 narrat
258 2006 470 2051 colloquium
489 2007 651 2042 Aristidis
676 2018 755 2041 cum
771 2005 1001 2041 Themistocle
1018 2008 1053 2040 et
1068 2005 1334 2042 altercationem

118 2079 198 2104 011111
223 2067 405 2104 Cleocrito.
454 2067 521 2103 Hic
545 2068 581 2103 in
607 2066 781 2112 colloquio
803 2065 909 2112 plane
942 2065 1039 2101 aliud
1065 2066 1256 2103 Aristidem
1281 2067 1336 2104 di-

118 2132 255 2166 centem
277 2128 379 2171 facit,
420 2132 526 2174 atque
559 2128 651 2163 hanc
684 2127 816 2169 omisit,
833 2174 841 2181 ⁴
855 2137 963 2170 quum
995 2129 1178 2170 praeterea
1208 2127 1334 2164 ducem

116 2189 378 2227 Corinthiorum
402 2201 474 2225 non
499 2188 711 2225 Cleocritum
744 2186 806 2224 sed
830 2185 1057 2222 Adimantum
1081 2186 1248 2233 appellet.
1296 2187 1333 2224 Si

66 2281 69 2284 .
115 2252 223 2298 igitur
245 2254 384 2288 tantum
408 2251 452 2287 de
476 2251 579 2287 huius
602 2251 727 2296 capitis
751 2249 906 2285 fontibus
939 2249 1156 2294 quaerimus,
1189 2262 1332 2296 prorsus

114 2312 203 2356 1111111
226 2312 405 2348 lucramur
428 2311 490 2347 sed
514 2314 648 2347 certum
672 2314 725 2346 est
761 2310 849 2345 duas
883 2310 1104 2346 narrationes
1139 2309 1329 2353 Plutarchi,
