1520 2520
689 135 750 171 Ἴ15

39 218 45 222 ..
115 242 326 284 sequuntur,
348 250 393 276 ex
417 240 560 287 Ephoro
583 241 620 276 in
645 240 800 277 Aristide
824 238 1006 285 fluxerint,
1031 241 1138 277 etiam
1162 240 1256 277 hunc
1280 241 1334 277 lo-

114 311 194 348 cum
217 301 249 337 ei
272 301 403 338 tribuo.
477 306 482 311 '
852 338 855 341 ,

208 361 295 398 Fine
328 363 454 409 capitis
489 367 612 400 narrat
644 363 875 407 Plutarchus,
914 375 983 409 quo
1018 364 1148 400 callido
1185 364 1332 400 consilio

114 422 365 459 Themistocles
379 415 531 459 Xerxem
546 423 745 466 adduxerit,
769 426 810 458 ut
826 422 975 459 Graecia
987 423 1183 460 decederet.
1231 423 1333 467 Quod

114 495 222 529 quum
244 484 372 520 iterum
395 483 468 526 fere
484 473 623 521 =eisdem
653 483 768 520 verbis
797 483 917 521 Them.
944 496 1019 531 cap.
1045 484 1126 521 XVI
1150 490 1274 522 narret
1297 490 1333 522 et

113 544 150 581 id
175 545 270 591 quod
287 545 460 582 Albracht
482 547 646 583 statuerit
669 546 832 592 probem,
855 549 995 582 tantum
1022 534 1118 582 hunc
1141 546 1349 583 ostendisse·

113 606 200 643 mihi
222 606 392 651 sufficiat,
416 610 458 643 ut
479 608 661 654 Ephorum
686 608 868 644 Plutarchi
892 608 1025 644 fontem
1049 608 1156 644 fuisse
1178 611 1308 654 putem.

208 668 379 705 Trecenta
399 666 518 705 milia
559 669 711 705 militum
752 669 937 705 Mardonio
980 669 1088 705 fuisse
1122 669 1333 706 Plutarchus

113 725 238 766 a'uctor
274 733 338 766 est.
388 730 465 773 Quo
501 742 581 767 cum
615 741 760 767 numero
798 731 974 767 consentit
1005 730 1204 767 Herodotus
1238 730 1330 774 VIII,

44 838 48 841 ι
117 792 199 834 100,
231 803 339 837 quum
363 795 503 827 tantum
525 791 592 834 IX,
623 791 670 825 32
686 791 811 826 vaddat
833 791 880 827 ad
904 791 989 834 hos,
1023 793 1084 836 qui
1108 792 1234 827 Persae
1266 792 1332 827 soli

113 847 276 897 fuissent,
299 854 556 900 quinquaginta
580 853 677 890 milia
702 854 912 890 auxiliorum
935 853 1150 890 Graecorum
1174 857 1211 890 et
1233 855 1332 900 equi-

112 920 167 953 tes
189 918 386 953 accessisse.
437 916 611 952 Diodorus
648 916 789 961 quidem
820 916 997 959 dissentit,
1030 916 1091 952 sed
1126 926 1235 962 quum
1266 928 1332 952 nu·

113 979 200 1015 meri
224 979 363 1025 saepius
385 979 422 1015 in
447 991 489 1015 eo
514 978 650 1015 confusi
674 979 745 1014 sint
767 981 804 1014 et
826 978 893 1014 hoc
916 978 995 1014 loco
1019 990 1138 1014 secum
1160 981 1329 1024 pugnent,
1376 963 1385 972 .

112 1052 201 1088 quos
225 1042 363 1085 attulit,
400 1040 531 1077 nullius
562 1041 730 1092 momenti
765 1038 829 1077 es't.
877 1041 968 1076 Nam
1002 1041 1060 1084 19,
1096 1041 1254 1086 loquitur
1288 1040 1332 1076 de

113 1099 380 1151 quadringentis
403 1102 562 1146 milibus,
587 1103 649 1139 sed
673 1115 780 1149 quum
805 1102 871 1146 28,
903 1102 926 1137 4
950 1102 1047 1138 dicat
1069 1102 1117 1138 ad
1140 1102 1333 1139 exercitum

112 1165 288 1201 Mardonii
310 1166 462 1201 ducenta
486 1165 584 1201 milia
600 1165 816 1200 Graecorum
841 1164 1028 1200 accessisse
1052 1167 1089 1199 et
1104 1163 1169 1207 30,
1191 1164 1215 1198 2
1239 1175 1334 1199 sum-

111 1236 207 1261 mam
232 1228 396 1261 constare
421 1237 465 1261 ex
490 1226 688 1271 quingentis
713 1224 871 1268 milibus,
905 1236 997 1260 unus
1020 1236 1186 1261 numerus
1209 1235 1254 1261 ex
1278 1224 1334 1260 his

111 1287 222 1324 falsus
247 1288 303 1331 sit,
327 1299 468 1324 necesse
492 1291 555 1323 est.
605 1287 722 1330 Quare
745 1298 855 1332 quum
877 1297 898 1323 e
913 1286 1068 1322 numeris
1092 1286 1332 1322 demonstrare

111 1349 245 1396 aliquid
268 1350 446 1393 volumus,
471 1350 509 1385 in
533 1352 695 1385 neutram
719 1352 858 1395 partem
880 1348 1073 1394 quidquam
1098 1348 1287 1399 lucramur.

206 1413 383 1460 Epistulas
401 1412 576 1448 Mardonii
601 1412 648 1448 ad
665 1411 819 1449 Graecos
834 1414 975 1448 tantum
990 1411 1086 1458 apud
1101 1410 1331 1448 Plutarchum

111 1478 400 1511 commemoratas
421 1461 627 1510 invenimus.
677 1474 832 1511 Eaedem
856 1473 1051 1509 sententiae
1066 1473 1174 1509 etiam
1188 1476 1272 1509 sunt
1292 1473 1331 1509 in

111 1538 269 1573 oratione
292 1536 482 1589 Mardonfi,
507 1536 635 1572 Herod.
663 1535 760 1577 VIII,
789 1536 875 1579 100,
900 1545 971 1581 qua
995 1535 1146 1572 Xerxem
1170 1534 1332 1572 consola-

111 1602 180 1642 tur,
203 1598 265 1634 sed
288 1598 357 1634 hae
380 1598 432 1634 ita
447 1598 619 1644 voluptati
645 1599 785 1634 aurium
802 1598 961 1634 serviunt
984 1597 1171 1633 verborum
1193 1585 1230 1633 et
1253 1608 1332 1634 sen-

109 1659 301 1695 tentiarum
322 1659 500 1705 leporibus
522 1662 559 1694 et
582 1659 744 1705 argutiis,
778 1661 818 1694 ut
841 1658 985 1704 Ephoro
1015 1658 1092 1694 solo
1115 1657 1330 1694 Plutarchus

110 1731 194 1756 usus
229 1731 304 1756 esse
344 1721 464 1766 possit.
536 1721 650 1763 Quam
686 1732 793 1766 quum
826 1719 873 1756 ad
903 1732 978 1756 rem
1010 1720 1132 1756 statim
1163 1719 1331 1755 adnectat
1374 1736 1377 1739 >

111 1780 336 1823 Plutarchus,
367 1782 543 1826 quomodo
569 1782 771 1817 Mardonius
796 1781 1024 1817 Athenienses
1048 1780 1095 1816 ad
1119 1792 1157 1816 se
1186 1780 1330 1816 allicere

110 1845 255 1878 conatus
278 1842 343 1885 sit,
366 1842 568 1879 inimicitias
593 1843 638 1879 ab
658 1842 931 1879 Atheniensibus
947 1854 1028 1878 cum
1045 1841 1330 1879 Lacedaemoniis

109 1907 253 1951 propter
276 1905 546 1941 aemulationem
563 1901 751 1951 susceptas
753 1898 909 1941 ‘silentio
932 1905 1110 1951 praeterit.
1163 1904 1277 1950 Atque
1292 1904 1329 1939 in

110 1965 288 2002 narranda
310 1965 374 2002 illa
397 1978 436 2002 re
461 1967 547 2003 satis
562 1967 655 2003 inter
680 1978 717 2002 se
736 1967 960 2003 consentiunt
975 1964 1175 2002 Herodotus
1190 1964 1331 2001 Plutar-

109 2028 198 2064 chus
221 2027 405 2064 Diodorus.
456 2029 678 2074 Quamquam
710 2029 804 2064 enim
829 2028 1028 2064 Herodotus
1059 2027 1156 2064 solus
1178 2027 1331 2064 Alexan-

109 2090 213 2127 drum
227 2101 345 2136 regem
363 2090 594 2127 Macedonum
617 2091 771 2136 legatum
786 2089 962 2126 Mardonii
978 2090 1086 2126 fuisse
1102 2091 1198 2133 dicit,
1222 2100 1331 2136 quum

111 2153 218 2189 ceteri
240 2154 380 2188 tantum
403 2152 448 2187 de
466 2153 589 2198 legatis
612 2153 649 2188 in
668 2153 866 2187 universum
892 2152 1097 2196 loquantur,
1120 2155 1242 2188 tamen
1262 2151 1331 2187 hoc

108 2216 160 2253 ita
192 2214 361 2262 explicari
395 2218 528 2262 potest,
567 2218 608 2251 ut
645 2226 772 2251 nomen
803 2214 919 2260 ipsum
958 2215 1114 2251 omisisse
1145 2225 1222 2258 eos,
1261 2226 1332 2260 qua

109 2279 212 2314 erunt
237 2275 396 2319 levitate,
422 2267 630 2312 statuamus.
680 2276 809 2311 Omnes
834 2277 953 2311 autem
985 2274 1059 2311 fere
1082 2275 1223 2312 easdem
1247 2286 1332 2311 con-

108 2337 259 2374 ditiones
295 2336 519 2373 Mardonium
560 2337 611 2373 eis
650 2336 873 2383 proposuisse
912 2339 1092 2373 narrant·
1119 2336 1330 2373 Plutarchus
