1520 2520
746 102 794 142 31

162 207 454 250 newsum-andum
476 212 568 247 esset
602 220 683 245 eum
710 209 819 246 etiam
841 208 931 245 illud
955 220 999 245 ex
1028 207 1152 246 eodem
1183 208 1282 245 fonte
1311 206 1374 249 de-

162 274 382 320 sumpturum
404 272 530 317 inisse,
553 272 647 309 unde
661 274 777 308 totum
796 270 908 308 fluxit.
955 270 1049 308 Illud
1071 273 1192 309 autem
1213 281 1296 308 cum
1318 280 1376 307 ce-

162 335 248 372 teris
269 346 362 382 que
383 339 577 382 sequuntur
597 337 734 382 pugnat
755 344 867 380 neque
889 345 914 371 a
928 333 1084 371 Glidemo
1106 332 1280 371 tmditum
1301 342 1377 370 ene

162 396 238 434 uuo
259 396 366 434 modo
389 400 514 444 potest.
563 397 680 440 Quum
711 396 804 433 enim
827 387 898 433 sint
919 395 1021 439 ficta,
1052 396 1156 433 nimis
1179 406 1203 432 a
1226 395 1375 433 veritate

164 456 238 494 eius
261 456 493 495 abhorrent.
511 456 601 493 Tum
622 457 756 503 primus
781 456 962 494 Atthidem
985 456 1137 504 scripsit,
1161 459 1212 500 nt,
1237 454 1375 507 ehamsi

122 557 126 560 p
162 516 210 553 ab
232 517 288 555 his
309 517 415 554 rebus
438 518 564 564 gestis,
588 528 696 563 quum
719 518 1005 564 expeditionem·
994 530 1033 554 ιιι
1053 518 1210 554 Siciliam
1233 518 1376 554 missam

162 578 314 624 videret,
344 579 458 627 spatio
488 578 712 626 septuaginta
739 589 911 618 annorum
943 577 1126 616 interiecto
1147 577 1303 622 abesset,
1333 574 1373 614 id

163 641 258 687 quod
273 641 531 679 de‘Alexandro
546 641 700 677 traditur
725 652 889 677 narrasse
903 651 976 679 nou
991 641 1154 687 potuerit.
1192 640 1373 678 Postrema

162 702 269 751 igitur
290 714 375 751 pars
397 703 524 751 capitis
547 714 640 741 novo
663 702 802 740 cuidam
832 702 922 740 fonti
951 702 1139 740 tribuenda
1170 705 1280 747 esset,
1313 701 1376 739 sed

145 766 200 815 *id
222 767 316 813 quod
339 767 559 804 Plataeenses
586 766 854 804 Atheniensibus
886 777 1012 813 agrum
1040 766 1176 804 dedisse
1208 766 1374 803 dicuntur

163 827 321 868 elidem
342 832 508 866 maneret.
558 828 673 872 Quare
697 827 787 865 nihil
809 827 906 865 aliud
927 831 1053 872 restat,
1083 839 1189 875 quam
1211 832 1254 865 ut
1275 827 1371 865 hunc

163 891 280 930 locum
310 902 382 931 non
414 903 493 928 cum
522 902 599 937 cap.
632 890 682 927 XI
712 891 962 938 coniungamus
991 890 1053 928 sed
1086 903 1265 929 sumamus
1304 891 1373 928 hoc

163 951 373 1002 sacrificium
395 953 467 990 alio
490 953 634 990 oraculo
664 953 797 990 iussum
829 964 924 998 esse,
963 964 1177 1000 quamquam
1208 953 1298 991 nihil
1328 952 1374 990 de

163 1027 207 1053 eo
228 1016 366 1057 scimus.
413 1015 573 1053 Ceterum
596 1026 668 1051 non
691 1026 780 1062 nego
805 1015 985 1052 oraculum
1009 1015 1064 1059 id,
1089 1015 1184 1061 quod
1206 1015 1277 1053 hoc
1295 1015 1375 1055 loco

163 1077 344 1125 probatur,
367 1089 526 1115 caussam
551 1077 676 1124 capitis
699 1076 750 1113 XI
773 1089 849 1114 esse
871 1088 992 1124 posse,
1025 1088 1134 1123 quum
1157 1079 1294 1114 constet
1312 1076 1371 1113 fa—

164 1140 230 1177 cile
253 1140 300 1177 ad
323 1139 468 1192 oracula
498 1139 683 1187 religiones
714 1142 778 1176 aut
799 1139 872 1199 alia
899 1139 1062 1176 instituta
1084 1138 1226 1176 adnecti
1249 1142 1291 1176 ut
1310 1138 1375 1177 illa

162 1199 339 1240 interdum
361 1199 584 1247 fingerentur.

258 1262 335 1299 Hoc
349 1262 429 1300 loco
445 1263 656 1307 Plutarchus
678 1263 725 1299 ad
741 1273 850 1299 novas
872 1274 930 1299 res
953 1262 1083 1299 transit
1105 1266 1142 1300 et
1162 1273 1254 1300 novo
1281 1262 1379 1300 fonte

162 1324 286 1364 utitur.
335 1323 373 1362 Si
396 1324 503 1371 igitur
525 1324 723 1372 colligimus
745 1327 782 1361 et
802 1326 1077 1369 commonemus,
1100 1323 1228 1370 quibus
1251 1323 1297 1361 de
1319 1335 1377 1360 re-

161 1386 227 1424 bus
249 1386 356 1425 verba
378 1386 580 1431 fecerimus,
618 1387 839 1434 perspicuum
868 1390 922 1424 ea
961 1386 1190 1424 Plutarchum
1222 1386 1260 1423 in
1290 1398 1374 1423 nar-

161 1449 274 1487 randa
306 1461 425 1497 pugna
454 1449 501 1486 ad
524 1449 687 1487 Plataeas
719 1449 817 1487 facta
839 1460 911 1486 uno
944 1449 1044 1486 fonte
1060 1460 1167 1491 usum
1191 1460 1284 1493 esse,
1315 1460 1376 1486 ex-

167 1514 271 1558 cepta
293 1511 447 1558 quadam
471 1515 573 1560 parte
596 1523 672 1558 cap·
697 1511 757 1549 XI.
807 1511 897 1550 Nam
928 1523 1040 1559 genus
1061 1510 1202 1549 dicendi
1231 1522 1383 1560 prorsus·
1433 1529 1435 1531 v

162 1573 255 1611 idem
287 1577 359 1618 est,
398 1578 476 1611 tota
506 1576 709 1612 narratione
744 1576 892 1612 virtutes
923 1575 1086 1613 Aristidis
1117 1574 1375 1621 praedicantur,

163 1643 271 1682 quum
301 1637 407 1683 pauci
439 1637 494 1673 ini
523 1637 610 1682 loci,
647 1636 775 1683 quibus
806 1647 878 1674 non
908 1636 1130 1681 nominatur,
1171 1638 1247 1677 tem
1275 1639 1373 1674 arcte

163 1698 340 1735 coniuncti
360 1711 441 1736 cum
468 1700 594 1751 ceteris
617 1699 703 1743 sint,
737 1702 778 1736 ut
800 1699 935 1745 seiungi
958 1710 1029 1735 non
1061 1698 1206 1745 possint.
1254 1697 1375 1744 Neque

162 1771 247 1801 veto
269 1764 403 1798 certum
426 1765 497 1805 est,
529 1773 599 1807 quo
622 1762 720 1798 fonte
745 1761 953 1799 Plutarchus
982 1772 1067 1798 usus
1090 1761 1147 1798 sit.
1193 1760 1375 1807 Ephorum

163 1834 234 1867 non
258 1823 425 1868 excussit,
457 1834 564 1869 quum
587 1823 692 1870 plane
722 1835 746 1860 a
768 1823 923 1861 Diodoro
952 1822 1159 1866 abhorreat,
1191 1833 1306 1868 neque
1330 1821 1375 1859 dc

162 1884 385 1932 Theopompo
408 1889 470 1922 aut
495 1885 774 1933 Atthidographo
803 1886 950 1933 cogitari
980 1889 1107 1933 potest.
1155 1885 1272 1928 Quare
1301 1884 1376 1922 alia

116 1950 119 1955 '
162 1950 220 1987 via
244 1949 344 1987 nobis
367 1948 596 1996 ingredienda
618 1952 679 1986 est.
728 1949 771 1987 ld
802 1949 896 1996 quod
919 1949 1040 1987 multis
1071 1948 1159 1986 locis
1190 1960 1306 1997 paene
1328 1948 1376 1988 ad

162 2010 308 2049 verbum
340 2011 562 2048 consentiunt
591 2012 684 2048 inter
713 2023 750 2048 se
782 2011 981 2050 Herodotus
1013 2015 1048 2050 et
1070 2010 1281 2049 Plutarchus
1305 2012 1376 2061 *ad-

163 2072 290 2111 ducere
312 2073 378 2109 nos
412 2075 538 2119 potest,
561 2076 602 2108 ut
625 2073 818 2119 cogitemus
840 2073 1069 2110 Plutarchum
1090 2072 1270 2109 Herodoto
1297 2073 1376 2121 ipso

162 2146 265 2173 usum
295 2146 381 2173 esse.
437 2135 553 2178 Quum
583 2135 675 2172 enim
712 2135 815 2172 Peter
843 2135 1119 2172 demonstrasset
1147 2135 1377 2175 Plutarchum

163 2198 200 2235 ιιι
225 2197 409 2235 scribendo
433 2197 621 2234 Coriolano
643 2198 850 2245 Dionysium
886 2198 939 2255 ite.
973 2198 1184 2243 excussisse,
1223 2202 1264 2236 ut
1297 2211 1377 2238 eum

164 2260 278 2301 acutis
301 2260 481 2312 sententiis
513 2264 549 2297 et
578 2271 675 2298 more
699 2263 877 2297 oratorum
910 2256 1114 2306 exornaret,
1152 2262 1274 2302 mirari
1304 2274 1377 2303 non

164 2335 365 2372 possumus,
404 2323 497 2370 quod
529 2324 634 2362 etiam
665 2327 787 2361 nostra
815 2324 888 2361 vita
918 2324 1049 2363 multas
1076 2329 1181 2364 acute
1201 2325 1375 2365 dictorum
