1520 2520
732 81 751 117 7

130 184 234 228 chus,
276 197 384 231 quum
420 187 507 233 quid
537 188 736 224 Demetrius
768 188 958 224 Phalereus
989 188 1034 228 de
1071 188 1285 224 archontatu
1315 192 1352 224 et

130 245 297 293 choregia
323 247 487 285 Aristidis
510 249 656 293 dixerit,
682 249 810 287 afferat
831 253 939 295 atque
962 249 1086 286 eodem
1109 248 1232 293 modo,
1255 248 1351 295 quod

127 307 229 345 fastis
252 308 402 355 publicis
419 310 681 348 Atheniensium
697 312 834 355 nititur,
857 310 1009 354 refellat,
1033 313 1074 347 ut
1097 321 1169 346 non
1194 309 1349 347 dubitem

129 373 288 408 nostrum
312 377 419 418 caput
442 373 553 409 eidem
578 374 670 410 fonti
692 374 847 410 tribuere
878 374 935 410 cui
958 374 1121 420 primum.
1171 372 1255 419 Cap.
1284 372 1349 409 VH

128 432 254 469 Fricke
270 445 377 479 quum
403 434 446 470 de
464 435 620 472 fontibus
636 436 710 472 Nic.
722 436 772 474 XI
787 439 824 472 et
839 435 1032 472 Alcibiadis
1050 435 1134 471 XIII
1150 438 1349 481 quaereret,

128 507 149 532 e
171 495 394 543 Theopompo
419 497 641 544 desumptum
665 510 739 535 esse
763 499 919 544 putavit,
955 510 1032 535 eam
1057 501 1176 534 autem
1199 501 1348 544 partem,

127 568 200 603 qua
222 558 398 603 quomodo
423 560 648 595 ostracismus
672 560 788 596 factus
813 560 860 596 sit
882 563 1067 603 narratur,
1107 559 1350 606 Theophrasto

127 618 268 662 tribuit,
300 632 414 665 neque
446 632 528 656 vero
560 613 647 656 mihi
678 624 753 657 tam
787 624 939 664 certum,
980 633 1085 667 quam
1118 620 1179 657 ille
1215 621 1350 664 statuit,

127 692 203 716 esse
226 681 374 717 videtur.
425 682 514 717 Nam
547 682 616 718 hoc
640 671 738 718 caret
763 684 857 718 omni
879 686 1104 729 argumento,
1135 694 1349 728 quamquam

126 744 221 777 recte
246 745 353 787 negat
374 753 394 777 e
415 742 627 779 Philochoro
652 743 689 778 id
706 742 859 786 fluxisse,
884 743 972 780 illud
990 744 1105 786 sumit,
1130 755 1238 788 quum
1255 742 1350 788 quod

126 802 337 839 Plutarchus
363 804 511 840 eandem
539 816 611 840 rem
639 804 713 840 Nic.
740 804 790 847 XI
822 805 893 841 alio
926 809 1083 851 tempore
1105 808 1212 850 atque
1237 804 1349 840 Alcib.

127 863 212 900 xm
247 868 370 900 narret
383 892 392 908 ,
427 864 622 901 *concludat
659 865 803 901 diversis
836 865 992 901 fontibus
1023 877 1125 901 usum
1161 876 1240 901 eum
1274 877 1350 901 esse

126 937 277 971 quorum
300 926 391 962 alter
415 927 472 962 hic
490 927 618 970 subsit,
643 928 726 973 quia
742 928 993 973 relegationem
1010 926 1203 974 Hyperboli
1226 927 1349 963 eodem

126 987 199 1024 fere
223 986 328 1024 inodo
352 1000 422 1034 quo
448 989 523 1025 Nic.
541 989 592 1024 XI
615 993 745 1025 narret.
794 989 916 1034 Neque
939 992 1075 1031 tamen,
1101 987 1238 1023 etiamsi
1261 987 1350 1022 illud

126 1051 158 1087 ei
181 1051 430 1094 concedamus,
469 1063 514 1087 ex
537 1063 596 1094 eo,
633 1052 695 1097 qui
722 1052 793 1087 sint
817 1051 1005 1097 scriptores
1029 1062 1051 1086 a
1074 1049 1267 1086 Plutarcho
1290 1061 1351 1086 ex-

125 1112 251 1155 ousssi,
282 1112 444 1148 concludi
469 1116 601 1158 potest,
629 1116 735 1158 atque
759 1113 828 1148 hoc
855 1116 956 1149 tanto
981 1112 1093 1158 magis
1116 1111 1163 1147 ad
1188 1115 1348 1147 nostrum

124 1175 231 1218 caput
255 1175 408 1217 spectat,
434 1176 566 1218 quanto
592 1173 731 1219 plenius
756 1177 809 1209 est
832 1174 956 1228 talium
972 1184 1109 1216 rerum,
1133 1183 1224 1217 quae
1250 1172 1349 1207 nuno
1380 1199 1383 1201 -

124 1233 230 1270 modo
251 1233 476 1280 Theopompo
500 1235 609 1271 tribui
633 1236 780 1281 possint.
828 1235 918 1270 Nam
948 1234 1053 1270 valde
1085 1233 1226 1276 dubito,
1262 1245 1346 1268 num

125 1296 155 1331 is
180 1296 377 1341 scripserit,
403 1299 439 1331 et
466 1296 651 1332 Aristidem
676 1296 787 1332 solam
805 1299 950 1342 propter
978 1295 1146 1330 invidiam
1171 1298 1207 1330 et
1230 1294 1348 1329 odium

124 1356 237 1404 plebis
262 1357 386 1393 exsilio
402 1357 589 1393 multatum
607 1369 682 1394 esse
706 1361 742 1394 et
758 1357 990 1394 Athenienses
1013 1358 1202 1403 propterea
1226 1355 1271 1391 ab
1288 1354 1352 1390 ad-

124 1419 278 1456 hibendo
302 1420 363 1464 qui
387 1419 515 1455 dicitur
541 1420 748 1456 ostracismo
779 1419 974 1460 destitisse,
1016 1417 1112 1464 quod
1148 1420 1221 1453 tam
1253 1417 1350 1463 turpi

124 1481 266 1519 homine
293 1481 439 1528 expulso
464 1481 635 1518 dedecore
665 1477 812 1517 affectus
842 1484 944 1517 esset.
996 1480 1063 1516 Res
1086 1480 1185 1526 ipsae
1208 1479 1349 1525 quidem

124 1554 226 1579 verae
258 1547 356 1586 sunt,
390 1542 451 1578 sed
486 1554 648 1585 caussae,
683 1555 774 1587 quae
805 1542 1016 1585 afferuntur,
1052 1553 1198 1587 prorsus
1228 1542 1348 1578 falsae.

123 1603 367 1650 Theopompus
393 1615 476 1640 vero
500 1604 546 1640 ab
570 1604 626 1640 his
650 1604 756 1640 rebus
779 1604 886 1650 gestis
919 1615 990 1640 non
1023 1607 1097 1640 tam
1131 1604 1237 1650 longo
1260 1607 1349 1640 tem-

124 1666 220 1713 poris
243 1666 359 1711 spatio
382 1666 522 1708 aberat,
548 1677 661 1711 neque
688 1666 864 1711 intelligo,
889 1677 953 1701 cur
976 1666 1036 1702 ille
1059 1678 1131 1702 una
1153 1667 1350 1702 narraverit

124 1726 313 1764 Aristidem
348 1731 383 1763 et
415 1727 657 1774 Hyperbolum
696 1727 862 1774 expulsos
896 1739 981 1763 esse.
1045 1727 1133 1763 Tum
1161 1727 1349 1763 verisimile

123 1801 194 1826 non
220 1793 273 1825 est
297 1789 526 1825 Plutarchum
550 1802 570 1826 e
587 1789 746 1836 pluribus
772 1789 945 1835 capitibus
972 1789 1012 1825 id
1036 1789 1229 1835 collegisse,
1253 1790 1349 1835 quod

123 1852 191 1889 hoc
215 1851 330 1900 capite
353 1851 525 1899 exposuit.
575 1851 695 1897 Neque
719 1851 812 1888 enim
834 1851 873 1887 in
897 1850 1038 1887 duobus
1056 1850 1244 1887 subsistere
1268 1862 1349 1897 pos-

124 1926 259 1959 sumus,
288 1927 395 1961 quum
421 1915 725 1951 narratiunculam
748 1914 869 1958 illam,
901 1926 1009 1960 quam
1033 1914 1104 1951 fine
1128 1914 1250 1958 affert,
1283 1928 1348 1952 nec

122 1976 347 2023 Theopompo
363 1988 428 2013 nec
444 1976 686 2023 Theophrasto
702 1975 856 2012 tribuere
875 1976 1060 2022 possimus.
1109 1975 1213 2016 Unde
1230 1980 1347 2013 autem

123 2039 216 2076 hanc
240 2038 286 2074 ab
310 2050 352 2074 eo
365 2039 597 2084 ,desumptam
622 2050 700 2083 esse
735 2038 936 2080 statuimus,
976 2037 1060 2073 inde
1093 2041 1206 2074 totum
1242 2044 1349 2085 caput

124 2099 274 2138 derivari
297 2099 409 2136 multo
433 2100 544 2146 'magis
572 2099 724 2145 quadrat
747 2098 794 2135 ad
819 2098 994 2135 scribendi
1017 2111 1130 2145 genus
1153 2099 1347 2143 Plutarchi,

123 2153 254 2208 Quippe
274 2161 346 2207 qui,
369 2164 541 2207 quantum
567 2150 828 2207 potuit,'unum
844 2164 984 2197 secutus
1008 2162 1055 2197 sit
1076 2161 1249 2201 fontem*
1269 2163 1347 2199 Huc

123 2222 272 2266 accedit,
310 2222 405 2268 quod
428 2222 465 2258 id
490 2221 696 2265 consilium,
736 2221 832 2267 quod
855 2222 893 2257 in
916 2222 985 2265 eis,
1008 2234 1100 2268 quae
1122 2224 1346 2268 antecedunt,

122 2286 236 2322 inesse
267 2285 416 2321 vidimus
431 2313 441 2328 ,
486 2285 593 2320 etiam
636 2284 718 2320 huic
757 2284 865 2329 capiti
902 2284 1097 2321 subiectum
1129 2290 1192 2321 est.
1256 2286 1346 2322 Nam
