1520 2520
758 101 806 135 40

176 220 213 246 se
235 208 442 253 abhorreat,
467 208 561 255 quod
586 211 710 246 nostra
733 208 806 245 vita
830 207 1036 252 Aristidem,
1060 207 1214 245 Cimonis
1238 220 1313 256 cap.
1331 208 1393 246 VI.

175 271 269 307 huno
292 271 331 307 id
354 271 478 308 fecisse
502 270 599 306 dicit.
649 270 747 313 Quae
772 270 910 306 occasio
934 269 1149 306 desciscendi
1165 270 1249 306 data
1268 269 1315 306 sit
1334 280 1395 305 so-

175 333 254 377 ciis,
285 333 389 379 longe
411 333 516 370 aliter
549 336 673 369 narrat
696 344 738 369 ac
763 333 880 369 ceteri.
928 322 1025 369 Dicit
1047 332 1158 376 enim,
1183 344 1290 379 quum
1315 332 1394 369 Ari-

175 395 285 431 stides
306 395 534 441 postulasset,
576 399 617 431 ut
652 395 725 431 tale
760 395 846 440 quid
877 395 1050 439 facerent,
1090 396 1186 441 quod
1209 396 1395 432 consilium

176 461 314 494 mutare
336 457 536 504 impediret,
562 457 650 493 duos
673 456 776 493 Iones
792 458 1010 502 coniurasse,
1034 461 1074 494 ut
1097 458 1134 494 in
1158 470 1282 496 navem
1302 458 1395 495 Pau-

177 520 313 564 saniae,
344 531 452 565 quum
476 531 497 556 e
519 522 626 566 portu
650 517 813 565 Byzantii
838 518 876 555 in
899 518 1011 556 altum
1036 520 1254 564 eveheretur,
1285 521 1393 567 impe—

176 587 252 618 tum
276 582 450 624 facerent,
491 582 553 617 sed
587 592 695 626 quum
727 592 843 626 neque
875 581 986 625 dicat,
1026 581 1168 627 quando
1197 581 1299 618 Iones
1327 581 1396 617 hoc

176 642 341 686 fecerint,
381 653 495 688 neque
530 655 594 680 cur
630 643 823 679 Pausanias
858 642 1007 679 navibus
1040 643 1397 679 Lacedaemoniorum-

177 704 355 750 profectus
379 704 442 747 sit,
473 704 573 740 illam
604 704 797 751 permiram
826 716 901 741 rem
935 705 1008 740 vita
1032 703 1196 740 Aristidis
1219 703 1396 751 explicam

177 765 374 811 nequimus,
421 764 578 802 Classem
601 769 719 802 autem
745 765 1100 801 Lacedaemoniorum
1130 776 1209 801 eum
1240 768 1395 814 secutam

178 836 254 861 esse
277 836 322 862 ex
344 837 385 862 eo
409 828 575 872 apparet,
616 820 710 872 quod
736 825 1036 874 προεκπλέουσαν
1059 826 1155 863 dicit.
1203 825 1245 863 Id
1267 829 1397 870 autem,

179 888 274 933 quod
297 888 370 924 vita
393 887 547 924 Cimonis
579 893 702 925 narrat
725 890 937 926 Pausaniam
962 902 985 925 a
1017 890 1118 925 sociis
1142 889 1313 934 Byzantio
1336 900 1394 924 ex-

179 949 318 997 pulsum
343 961 437 994 esse,
470 950 703 998 supplendum
738 955 791 989 est
822 951 889 989 hoc
915 951 1012 996 loco,
1041 955 1082 988 ut
1105 963 1283 988 sumamus
1307 951 1397 988 sedi-

178 1014 311 1050 tionem
336 1018 494 1050 coortam
517 1025 609 1058 esse,
650 1026 721 1060 qua
752 1015 946 1051 Pausanias
978 1018 1013 1050 et
1043 1014 1310 1051 Lacedaemonii
1338 1025 1399 1049 ex—

180 1077 274 1124 pulsi
300 1077 379 1113 sint.
429 1077 505 1113 Has
527 1077 616 1114 duas
652 1077 747 1113 enim
778 1077 1000 1114 narrationes
1030 1076 1291 1124 coniungendas
1323 1088 1398 1113 esse

180 1139 352 1186 probatur
389 1139 452 1174 illo
490 1139 587 1182 loco,
634 1150 737 1184 quem
776 1151 885 1185 supra
926 1138 1031 1174 attuli
1067 1141 1102 1174 et
1142 1138 1302 1189 inprimis
1346 1149 1399 1181 eo,

180 1201 275 1247 quod
299 1200 514 1237 Plutarchus
546 1204 697 1247 utraque
720 1200 792 1237 vita
815 1212 886 1250 non
915 1203 1040 1237 narrat
1062 1200 1272 1240 Pausaniam
1301 1211 1400 1237 revo—

181 1267 299 1300 catum
332 1267 368 1300 et
396 1267 600 1300 accusatum
635 1275 721 1300 esse.
773 1267 886 1309 Atque
916 1275 960 1299 ex
989 1275 1030 1299 eo
1063 1262 1231 1307 efficitur,
1270 1266 1311 1299 ut
1340 1263 1402 1300 uui

182 1326 273 1363 fonti
306 1326 372 1364 has
402 1326 608 1364 tribuamus.
666 1326 887 1374 Thucydides
923 1330 1047 1363 narrat
1085 1329 1286 1363 revocatum
1323 1338 1402 1362 eum

182 1401 257 1425 esse
280 1401 302 1425 a
327 1389 613 1425 Lacedaemoniis
639 1392 675 1424 et
698 1388 859 1431 tandem,
884 1391 1071 1434 postquam
1095 1387 1273 1430 rediisset,
1301 1399 1324 1424 a
1346 1387 1403 1424 Oi-

182 1462 285 1488 mone
308 1451 504 1498 expulsum.
556 1451 671 1494 Quum
695 1454 825 1501 autem
858 1462 930 1487 non
962 1450 1058 1487 dicat
1089 1449 1402 1497 Peloponnensium

183 1523 289 1548 naves
311 1523 384 1546 una
408 1523 488 1547 cum
513 1523 554 1547 eo
578 1512 722 1548 rediisse
735 1539 744 1555 ,
775 1511 895 1547 Curtio
929 1522 1001 1547 non
1030 1514 1206 1554 assentur,
1237 1511 1298 1556 qui
1321 1511 1402 1547 hist.

182 1573 320 1611 Graeca
342 1573 398 1617 11„
424 1573 494 1609 812
519 1577 638 1610 censet
663 1585 722 1610 eas
757 1585 836 1610 cum
863 1585 906 1610 eo
922 1573 1099 1620 profectas
1123 1585 1199 1610 esse
1222 1577 1258 1610 et
1281 1574 1402 1610 adnot.

183 1635 229 1672 38
255 1637 307 1679 „si
321 1636 416 1672 solus
433 1636 628 1673 Pausanias
651 1640 837 1673 revocatus
859 1640 966 1680 esset,
990 1638 1110 1672 statim
1126 1648 1305 1673 successor
1320 1637 1403 1672 mis-

183 1710 244 1735 sus
267 1702 374 1742 esset3
399 1698 459 1734 sed
484 1711 591 1745 quum
617 1711 724 1736 naves
750 1711 828 1735 cum
853 1699 1029 1735 Pausania
1059 1700 1254 1744 rediissent,
1281 1700 1403 1737 Dorcis

184 1771 273 1796 novo
298 1761 454 1797 exercitu
479 1761 605 1797 missus
629 1763 715 1797 est.“
760 1760 884 1806 *Neque
914 1760 1007 1796 enim
1030 1761 1145 1807 primo
1170 1761 1403 1799 Lacedaemo-

185 1823 234 1858 nii
258 1821 296 1857 id
319 1833 423 1867 agere
447 1825 630 1868 poterant,
655 1826 695 1858 ut
719 1834 844 1859 caussa
870 1835 940 1858 non
963 1823 1098 1859 indicta
1121 1823 1332 1859 Pausaniam
1357 1822 1405 1858 ab
1425 1835 1427 1837 ·

184 1882 329 1928 imperio
353 1886 580 1919 removerent.
631 1883 709 1926 Qua
733 1895 842 1930 quum
873 1896 998 1921 caussa
1027 1895 1098 1920 non
1131 1884 1404 1928 convinceretur,

186 1946 247 1981 sed
271 1949 343 1981 tam
369 1949 550 1991 suspectus
575 1950 682 1989 esset,
721 1950 761 1982 ut
792 1946 864 1982 tale
896 1946 1080 1992 imperium
1113 1947 1145 1981 ei
1178 1958 1249 1982 non
1283 1958 1407 1984 rursus

184 2006 347 2043 mandari
371 2009 500 2053 posset,
525 2006 651 2043 Dorcis
677 2007 803 2043 missus
827 2010 882 2044 est
895 2010 931 2043 et
953 2006 990 2043 id
1006 2007 1101 2053 quod
1116 2019 1226 2054 parvo
1250 2010 1405 2045 exercitu

186 2070 363 2118 profectus
398 2073 451 2105 est
490 2070 613 2106 melius
638 2070 772 2106 auxilia
796 2081 903 2115 quam
928 2081 1054 2106 novum
1088 2071 1278 2107 exercitu-m
1302 2071 1406 2108 intel-

186 2131 294 2179 ligere
317 2141 512 2178 possumus.
561 2132 598 2168 Si
623 2132 723 2168 nulla
740 2131 892 2178 suspicio
910 2131 1068 2168 subesset
1083 2132 1288 2177 Pausaniae,
1311 2136 1407 2171 certe

186 2192 350 2229 remissus
375 2181 494 2229 esset.⁸
526 2193 640 2235 Quum
665 2196 784 2229 autem
814 2204 855 2229 eo
879 2197 1046 2239 tempore,
1070 2205 1140 2239 quo
1163 2194 1406 2239 revocabatur,

186 2253 276 2290 nihil
300 2256 433 2290 certum
458 2258 564 2298 esset,
588 2255 625 2290 in
650 2255 725 2291 eius
747 2255 864 2292 locum
887 2254 979 2291 alter
995 2268 1066 2292 non
1082 2256 1152 2293 iam
1169 2256 1406 2294 restituendus
1456 2295 1460 2299 ,

186 2318 273 2352 erat.
321 2315 414 2351 Nam
438 2316 469 2351 si
492 2316 528 2351 id
559 2316 741 2359 fecissent,
762 2316 824 2353 ‘de
857 2317 964 2363 culpa
994 2319 1069 2354 eius
1101 2318 1168 2355 sibi
1191 2319 1406 2365 persuasisse
