1520 2520
766 68 810 105 18

182 177 258 223 ipse
281 176 344 214 sed
367 175 491 213 Cimon
514 175 739 222 Xanthippus
760 173 962 222 Myronides
990 173 1098 221 legati
1120 170 1397 217 nominantur,

183 237 408 274 Idomeneum
445 247 598 280 errasse,
638 236 769 283 quippe
801 235 863 281 qui
886 234 1000 271 solum
1026 233 1217 272 Aristidem
1243 234 1397 281 legat-m
1439 239 1441 242 ⁴

184 298 290 336 fuisse
322 302 511 336 narrasset.
568 298 690 344 Neque
721 309 804 334 vero
834 300 930 334 recte
959 296 1103 334 iudicat.
1158 296 1250 335 Nam
1283 295 1397 343 capite

187 362 255 397 hoc
279 361 370 397 duae
386 361 654 397 Atheniensium
677 359 870 407 legationes
887 358 1154 405 distinguendae
1169 361 1265 403 suut,
1286 358 1400 395 altera

183 434 275 468 quae
301 421 658 459 Lacedaemoniorum
682 420 887 464 deduceret,
918 420 1032 457 altera
1061 431 1152 466 quae
1174 421 1318 466 proptor
1340 430 1399 456 ne·

183 484 388 531 gligentiam
413 496 472 520 eos
495 484 720 531 vituperaret.
767 483 836 520 Illa
860 494 941 519 cum
963 482 1147 529 plebiscito
1177 481 1232 517 ab-
1247 480 1400 518 Aristide

184 546 259 592 lata
285 549 362 582 erat
385 549 422 582 et
445 545 552 592 legati
579 548 682 582 erant
713 545 751 582 hi
782 548 854 581 tres
877 543 1125 597 Athenienses,
1158 543 1247 589 haec
1277 545 1401 589 postea

183 606 405 652 aliquantum
421 607 530 644 missa
554 611 625 651 est,
649 618 763 653 neque
779 606 1022 653 Xanthippus,
1048 618 1157 652 quum
1173 604 1278 643 classi
1299 616 1402 651 prae-

183 672 293 713 esset,
317 670 355 705 in
380 681 422 705 ea
445 681 521 706 esse
537 673 686 715 poterat.
735 670 831 713 Quas
854 681 964 715 quum
983 668 1196 713 Plutarchus
1211 666 1403 707 confunde-
1474 701 1475 705 ,

154 740 157 744 ’
183 732 256 772 ret,
293 740 391 766 error
414 731 519 765 natus
545 732 614 773 est,
655 728 718 765 sed
742 729 874 776 optime
897 740 939 766 eo
962 728 1016 766 uti
1045 739 1230 776 possumus
1253 727 1302 764 ad
1324 739 1408 770 eruv,

184 790 314 828 endum
345 790 487 827 fontem.
544 790 635 827 Nam
665 803 709 827 ex
739 802 782 828 eo
814 791 908 837 quod
941 790 1164 838 plebiscitum
1196 790 1263 827 hoc
1297 789 1403 830 modo.

185 856 436 890 commemorat
467 852 629 890 concludi
661 855 778 900 potest
807 864 905 897 eum,
938 852 1000 899 qui
1023 852 1091 890 hoc
1123 852 1321 899 scripserit,
1349 852 1405 899 ip-

185 926 262 952 sum
290 914 380 951 illud
411 915 623 961 inspexisse3
662 914 759 960 quod
790 926 898 960 quum
928 914 1139 952 Plutarchus
1169 925 1242 951 non
1268 914 1401 958 fecerit,

185 979 260 1024 ipse
276 977 502 1014 Idomeneum
527 977 701 1024 corrigere
716 989 789 1015 non
804 978 937 1025 potuit,
962 977 1024 1014 sed
1049 989 1069 1014 e
1089 977 1187 1015 fonte
1202 977 1404 1024 desumpsit.

185 1039 217 1075 E
239 1038 354 1076 tribus
377 1039 486 1085 igitur
519 1039 680 1085 partibus
713 1039 772 1075 hic
804 1039 904 1076 locus
935 1039 1149 1085 compositus
1179 1039 1226 1075 sit
1264 1049 1405 1075 neeesse

185 1105 259 1144 est,
292 1113 311 1137 e
334 1101 599 1149 plebiscitorum
623 1101 847 1145 collectione,
880 1100 1086 1144 Idomeneo,
1122 1111 1165 1137 eo
1196 1100 1310 1144 fonte,
1344 1099 1406 1146 qui

186 1162 267 1199 illas
293 1162 382 1213 duas
408 1162 591 1199 coniunxit
614 1165 650 1198 et
673 1162 739 1198 hos
762 1162 970 1198 novissimos
994 1172 1116 1198 versus
1146 1161 1295 1198 addidit.
1341 1161 1406 1198 At-

187 1236 255 1271 que
278 1224 345 1262 hoc
368 1224 579 1276 Plutarchus
603 1235 687 1261 usus
713 1227 776 1261 est.
826 1224 941 1268 Quum
964 1227 1083 1262 autem
1105 1234 1276 1271 responsa
1297 1223 1406 1261 Athe-

186 1286 360 1323 niensium
388 1297 496 1331 quam
535 1286 729 1322 arctissime
761 1297 841 1322 cum
874 1285 1057 1333 plebiscito
1088 1285 1322 1330 cohaereant,
1361 1297 1405 1326 ex

187 1347 308 1383 eodem
340 1347 437 1384 fonte
468 1347 661 1384 derivanda
692 1351 793 1391 sunt,
834 1358 905 1393 quo
928 1347 1006 1385 hoc.
1053 1347 1243 1384 Plebiscita
1265 1346 1406 1394 collegit

187 1409 354 1447 Craterus
377 1420 482 1456 opere
505 1420 580 1453 sun,
606 1409 702 1455 quod
725 1409 930 1447 inscribitur
949 1407 1195 1458 ψηφιςμάτων
1211 1406 1406 1457 συναγαηή.

189 1472 256 1514 Qui
280 1483 389 1516 quum
412 1483 485 1507 non
510 1471 624 1508 solum
640 1471 704 1507 illa
728 1475 763 1507 et
783 1472 1029 1518 inscriptiones
1054 1472 1321 1518 composuisset,
1345 1470 1407 1508 sed

188 1534 294 1570 etiam
319 1537 358 1570 ut
382 1533 644 1570 demonstratur
672 1533 751 1570 loco
774 1533 837 1570 illo
863 1533 970 1570 Arist.
1002 1545 1079 1580 cap.
1105 1532 1222 1570 XXVI
1250 1532 1295 1570 de
1323 1532 1408 1570 viris

188 1595 386 1633 illustribus
410 1595 523 1632 multa
546 1595 619 1632 alia
642 1595 865 1641 tradidisset,
906 1607 1013 1642 quam
1040 1595 1330 1633 verisimillimum
1354 1598 1409 1632 est

190 1670 233 1696 ex
257 1669 299 1694 eo
323 1657 420 1694 fonte
452 1658 620 1704 primario
652 1657 741 1694 haec
755 1657 908 1695 fluxisse.
957 1657 1079 1704 Neque
1094 1669 1178 1694 vero
1197 1658 1408 1695 Plutarchus

190 1719 302 1757 ullum
327 1718 435 1757 alium
452 1719 659 1766 scriptorem
676 1720 841 1763 excussit,
866 1730 973 1765 quam
997 1719 1273 1757 Alexandrinum
1299 1732 1410 1766 quen-

193 1782 293 1826 dam,
335 1782 396 1827 qui
421 1781 604 1818 Craterum
637 1785 673 1818 et
704 1781 928 1819 Idomeneum
960 1782 1158 1825 coniunxit,
1195 1793 1303 1828 quum
1325 1781 1410 1818 talis

191 1845 258 1880 viri
275 1843 370 1880 docti
394 1844 441 1880 sit
463 1847 566 1880 tanta
582 1845 738 1881 *scientia
762 1848 798 1881 et
821 1845 998 1889 doctrina,
1026 1848 1133 1890 atque
1150 1856 1259 1890 quum
1273 1843 1411 1881 Idome-

193 1918 281 1943 neus
305 1906 426 1943 eodem
451 1907 556 1944 modo
580 1919 650 1954 quo
673 1910 779 1945 antea
794 1908 895 1945 testis
911 1906 1098 1951 afferatur,
1122 1907 1244 1944 eodem
1259 1906 1412 1944 Alexan·

193 1970 296 2006 drino
334 1969 561 2006 Plutarchum
596 1982 699 2006 usum
735 1982 810 2007 esse
845 1974 952 2016 puto,
993 1982 1036 2007 ex
1075 1981 1144 2016 quo
1181 1971 1321 2007 initium
1352 1970 1412 2007 de·

195 2032 354 2079 sumpsit.

290 2094 375 2140 Cap.
402 2094 451 2130 XI
474 2095 603 2131 transit
626 2095 838 2132 Plutarchus
869 2095 989 2131 statim
1018 2095 1066 2130 ad
1088 2095 1304 2131 narrandam
1327 2106 1413 2141 pug-

195 2168 279 2194 nam
315 2157 440 2203 ipsam.
486 2156 529 2193 In
565 2168 605 2193 eo
649 2157 824 2194 consentit
864 2156 1006 2202 quidem
1041 2161 1122 2194 cum
1161 2156 1342 2193 Herodoto
1379 2158 1415 2192 et

197 2218 371 2262 Diodoro,
411 2219 506 2264 quod
543 2223 667 2255 narrat
702 2218 892 2256 Aristidem
933 2218 1102 2255 exercitui
1140 2217 1415 2261 Atheniensium,

196 2280 259 2326 qui
283 2283 363 2317 octo
387 2280 521 2316 milium
545 2279 696 2316 militum
721 2279 864 2323 fuisset,
889 2278 1101 2326 praefuisse,
1125 2277 1188 2315 sed
1212 2277 1309 2315 solus
1331 2276 1417 2315 dicit
