1520 2520
737 83 781 118 16

146 189 272 223 auctor
297 189 351 223 est
371 186 506 223 misisse
530 198 610 223 eum
627 186 898 223 Atheniensibus
921 186 1074 231 litteras,
1098 186 1227 234 quibus
1249 197 1273 224 a
1287 196 1370 233 rege

145 249 261 284 iussus
286 252 377 285 esset
407 249 530 285 urbem
562 249 716 285 dirutam
750 250 800 285 eis
834 249 949 286 denuo
981 249 1185 292 aedificare,
1218 248 1368 286 multum

145 315 329 357 argentum
354 310 449 354 dare,
476 311 630 348 Graecos
656 315 789 348 ceteros
812 311 992 349 subiicere.
1042 312 1144 356 Quod
1167 324 1276 358 quum
1300 311 1368 348 La-

145 374 361 410 cedaemonii
386 375 591 419 audiissent,
615 376 710 421 ipsos
735 379 831 411 metu
855 375 991 422 legatos
1007 375 1167 419 misisse,
1180 376 1241 421 qui
1261 375 1368 412 Athe·

145 436 282 472 nienses
307 437 440 473 hortati
464 441 598 480 essent,
622 441 664 473 ut
687 437 815 473 liberos
840 439 878 473 et*
890 437 1053 473 mulieres
1069 436 1367 473 Lacedaemonem

144 499 326 534 mitterent
349 502 385 534 et
409 511 474 544 pro
500 500 549 535 eis
574 499 787 535 frumentum
819 510 842 534 a
873 511 910 535 se
942 500 1151 545 acciperent.
1199 497 1366 544 Magnam

144 561 237 597 enim
261 561 418 607 inopiam
445 561 591 597 Athenis
615 561 732 597 fuisse.
783 560 982 597 Herodotus
1008 560 1108 604 VIII,
1144 560 1213 596 140
1242 561 1367 597 narrat

143 622 384 658 Alexandrum
408 623 545 658 litteras
575 623 687 668 ipsas,
719 634 809 668 quas
832 622 964 659 Xerxes
994 622 1179 659 Mardonio
1203 623 1366 665 misisset,

142 683 326 726 recitasse,
359 683 486 729 quibus
519 684 580 720 ille
604 684 877 721 Atheniensibus
900 685 1134 731 promisisset,
1168 696 1204 720 se
1227 684 1364 720 veniam

143 745 309 782 daturum
334 757 408 782 esse
440 750 683 791 peccatorum,
715 758 840 793 agrum
864 745 1084 782 redditurum
1117 749 1224 791 atque
1255 745 1364 781 alium
1410 743 1412 746 ’

142 818 246 852 quem
271 807 418 849 vellent,
444 806 641 842 libertatem
669 810 908 849 servaturum,
924 807 1057 852 templa
1081 806 1200 842 diruta
1223 805 1364 841 restitu-

141 872 260 905 turum
293 871 329 904 et
360 868 556 911 edocuisse,
588 880 696 913 quam
731 868 821 904 nihil
853 868 908 911 id,
944 868 1040 914 quod
1070 868 1243 911 facerent,
1278 867 1363 913 ipsis

89 915 98 923 ’
140 928 336 974 proficeret.
392 929 471 971 Qua
504 940 610 974 quum
645 928 689 964 de
723 940 761 964 re
798 929 964 964 certiores
989 928 1076 964 facti
1109 932 1225 964 essent
1254 928 1364 966 Lace—

140 991 334 1034 daemonii,
370 991 464 1037 ipsos
490 990 623 1037 legatos
648 990 799 1033 misisse,
835 990 897 1036 qui
921 989 1152 1031 Athenienses
1183 989 1364 1027 adhortati

140 1057 272 1096 essent,
297 1051 345 1089 ne'
366 1053 413 1089 ad
437 1044 563 1088 Persas
588 1052 838 1095 desciscerent,
873 1064 982 1098 quum
1005 1052 1138 1088 bellum
1162 1053 1363 1096 movissent,

139 1119 175 1151 et
198 1116 461 1162 promisissent,
486 1127 524 1151 se
548 1114 752 1151 mulieribus
777 1118 813 1151 et
836 1114 882 1151 ad
899 1126 1001 1151 arma
1023 1114 1207 1151 inutilibus
1231 1114 1363 1151 victum

141 1177 286 1212 daturos
310 1189 395 1213 esse.
444 1176 486 1211 In
503 1176 660 1211 Diodoro
677 1176 817 1221 quidem
845 1187 916 1211 non
941 1176 1027 1212 satis
1050 1177 1274 1222 perspicuum
1298 1180 1363 1219 est,

140 1242 258 1274 utrum
283 1238 392 1284 legati
407 1240 637 1281 utrorumque
661 1236 783 1272 eodem
800 1240 958 1282 tempore
983 1236 1112 1280 adsint,
1136 1248 1185 1273 an
1205 1236 1243 1273 id
1267 1236 1362 1282 quod

138 1300 324 1336 audierent
347 1301 533 1335 Persarum
558 1298 692 1345 legatos
717 1297 917 1342 advenisse,
947 1297 1242 1334 Lacedaemonios
1266 1310 1367 1335 com->

138 1362 301 1405 moverit,
341 1365 381 1397 ut
413 1361 609 1403 mitterent,
646 1372 755 1405 quum
778 1363 917 1405 tempus
945 1371 1017 1396 non
1041 1363 1205 1396 accurate
1229 1360 1361 1404 tradat,

137 1423 198 1460 sed
222 1423 329 1469 legati
353 1423 540 1459 Persarum
567 1421 840 1458 Atheniensibus
871 1421 970 1457 iussu
1002 1421 1179 1458 Mardonii
1213 1422 1361 1468 promit-

137 1487 232 1528 tunt,
267 1495 394 1530 agrum
428 1495 533 1529 quem
564 1483 694 1519 vellent
724 1483 761 1518 in
785 1482 935 1519 Graecia
966 1483 1132 1520 daturum
1163 1496 1243 1520 eum
1273 1495 1359 1528 esse,

135 1546 275 1582 moenia
291 1549 327 1581 et
342 1544 476 1591 templa
501 1544 686 1580 combusta
702 1543 984 1588 aedificaturum,
1010 1545 1188 1581 civitatem
1211 1545 1359 1582 liberam

137 1609 209 1644 suis
240 1607 376 1654 legibus
409 1618 552 1643 usuram
585 1617 677 1649 esse3
715 1606 1073 1642 Lacedaemoniorum
1106 1618 1188 1643 vero
1219 1611 1359 1644 tantum

136 1670 335 1717 postulant,
375 1681 420 1705 ne
444 1681 467 1705 a
492 1669 636 1704 Graecis
666 1666 841 1703 deficiant.
893 1667 1114 1713 Quamquam
1139 1671 1233 1705 enim
1269 1681 1358 1706 non-

136 1732 244 1768 nullis
267 1732 354 1767 locis
378 1731 555 1766 Diodorus
579 1730 764 1772 abhorret,
787 1733 908 1765 tamen
931 1730 1043 1767 multo
1059 1731 1280 1768 verisimilius
1304 1735 1358 1768 est

135 1794 224 1830 haec
246 1793 314 1839 ipsi
339 1804 410 1838 qua
433 1795 510 1828 erat
535 1791 748 1838 negligentia
771 1791 925 1828 tribuere
951 1803 1058 1838 quam
1081 1796 1208 1839 putare
1243 1793 1359 1831 diver-

136 1858 185 1892 sis
209 1856 366 1892 fontibus
399 1866 481 1890 usos
514 1866 589 1890 esse
613 1854 843 1890 Plutarchum
877 1857 913 1890 et
942 1855 1153 1898 Diodorum,
1192 1860 1234 1892 ut
1264 1856 1357 1893 hanc

135 1917 375 1954 narrationem
399 1928 442 1952 ex
466 1915 609 1962 Ephoro
633 1914 775 1952 fluxisse
798 1918 964 1953 statuam.
1299 1909 1302 1911 ’

230 1978 316 2014 Fine
341 1978 468 2024 capitis
485 1977 696 2013 Plutarchus
715 1977 787 2013 alio
811 1977 909 2014 fonte
934 1989 1019 2014 usus
1035 1981 1089 2015 est
1106 1982 1213 2024 atque
1237 1982 1353 2016 antea.

135 2039 264 2085 Incipit
293 2042 412 2075 autem
442 2038 555 2074 verbis
588 2034 632 2074 ου’
663 2037 735 2086 μὴν
759 2035 863 2074 ἀλλὰ.
911 2039 1004 2076 Nam
1026 2040 1096 2076 iam
1125 2040 1245 2076 multis
1269 2040 1356 2077 locis

135 2101 192 2137 his
215 2101 331 2138 verbis
355 2101 484 2137 transit
508 2100 555 2136 ad
580 2113 709 2136 novum
733 2100 866 2136 fontem
891 2104 1001 2147 atque
1028 2103 1146 2139 omnia
1177 2114 1269 2148 quae
1303 2115 1357 2139 se-

136 2166 293 2208 quuntur
316 2175 339 2198 a
362 2162 486 2198 ceteris
510 2162 614 2208 longe
644 2162 856 2208 discrepant.
905 2163 1037 2198 Narrat
1058 2163 1248 2199 Aristidem
1280 2163 1357 2209 ple-

135 2222 315 2265 biscitum,
340 2222 435 2268 quod
460 2223 618 2268 utrisque
642 2223 931 2270 responderetur,
955 2223 1089 2266 tulisse,
1113 2223 1259 2270 legatos,
1283 2224 1356 2270 qui,

134 2285 303 2331 quamdiu
327 2297 407 2321 cum
432 2285 534 2331 plebe
562 2287 705 2332 egisset,
746 2286 925 2329 abiissent,
956 2286 1209 2329 introduxisse,
1235 2298 1353 2324 severe
