1520 2520
745 69 767 109 8

144 175 279 210 iustitia
312 179 348 210 et
378 187 478 210 amor
511 175 648 219 patriae
672 174 836 210 Aristidis
869 174 1054 217 laudatur,
1094 174 1190 220 quod
1223 176 1367 220 propter

143 236 241 272 illam
266 235 433 282 expulsus
457 247 533 271 esse
557 238 593 271 et
623 247 731 281 quum
759 235 917 271 Athenas
941 234 1168 281 relinqueret,
1193 234 1277 271 deos
1301 245 1366 280 pro

143 288 267 345 patria
283 299 465 335 invocasse
489 298 628 334 dicitur.
677 298 749 334 Nec
773 298 888 333 minus
911 309 1021 343 genus
1053 296 1229 333 scribendi
1260 297 1366 343 plane

143 360 236 396 idem
267 363 338 403 est,
377 359 472 405 quod
504 360 541 395 in
575 360 641 403 eis,
677 371 767 405 quae
799 357 1021 395 antecedunt.
1072 357 1230 404 Denique
1260 356 1368 395 ceteri

143 431 262 455 rerum
295 420 484 465 scriptores
516 419 603 455 haec
637 420 814 455 omittunt.
865 414 981 462 Quare
1016 431 1125 464 quum
1160 418 1229 453 hoc
1260 421 1368 463 caput

144 480 256 517 eidem
280 481 371 516 fonti
395 481 566 523 tribuam,
591 480 647 516 cui
672 492 714 517 ea
730 492 822 526 quae
854 480 1084 524 antecedunt,
1124 480 1212 517 haec
1237 480 1366 523 omnia,

143 555 235 588 quae
258 543 398 578 initium
422 547 457 578 et
480 542 587 578 finem
610 543 702 578 vitae
726 546 868 578 nostrae
893 543 1192 588 complectuntur,
1228 554 1272 588 ex
1294 554 1366 578 uno

143 602 241 638 fonte
266 602 457 637 derivanda
489 606 588 645 sunt,
621 606 728 648 atque
760 602 808 638 ad
841 601 1078 638 definiendum
1107 602 1202 638 hunc
1232 602 1366 638 fontem

143 663 270 699 summi
295 663 463 698 momenti
487 663 588 700 nobis
612 667 694 700 sunt
718 664 862 700 nomina
885 675 1022 707 eorum,
1046 675 1134 709 quos
1155 661 1366 699 Plutarchus

142 724 217 770 ipse
239 728 347 760 testes
372 724 486 760 affert.
535 724 699 761 Citantur
731 728 849 761 autem
874 725 920 761 ab
951 724 1014 760 illo
1044 723 1252 760 nominatim
1286 722 1367 759 Ari-

142 786 296 829 stoteles,
321 785 594 831 Theophrastus,
620 786 829 830 Demetrius,
860 787 1098 829 Aristoxenus,
1123 785 1366 828 Callisthenes,

143 847 386 894 Hieronymus,
414 847 566 890 Ariston,
592 847 792 890 Aeschines,
815 844 1033 891 Idomeneus,
1057 847 1256 890 Panaetius,
1281 845 1366 882 Cra-

142 913 256 951 terus,
282 908 468 944 Clidemus.
521 909 678 950 Quorum
696 909 852 943 omnium
877 920 984 954 opera
1001 907 1231 943 Plutarchum
1250 902 1365 953 ipsum

66 970 69 973 '
142 970 334 1017 inspexisse
373 970 451 1015 quis
476 973 544 1012 est,
578 970 638 1015 qui
672 972 780 1016 putet.
831 969 1052 1016 Quamquam
1092 970 1186 1006 enim
1216 981 1367 1006 comme-

143 1037 276 1076 morat,
317 1036 436 1068 tamen
468 1032 573 1078 plane
603 1032 772 1069 abhorret
795 1032 867 1069 tale
884 1045 992 1079 genus
1018 1032 1193 1069 scribendi
1216 1045 1238 1069 a
1268 1044 1368 1069 more

143 1096 343 1137 Plutarchi,
387 1098 422 1130 et
446 1095 558 1130 multo
589 1095 810 1130 verisimilius
846 1098 900 1130 est
940 1106 1011 1130 non
1042 1095 1157 1140 ipsum
1182 1094 1300 1130 omnia
1323 1106 1366 1131 ea

141 1158 324 1204 collegisse
347 1161 383 1193 et
407 1157 653 1199 connexuisse,
678 1156 740 1192 sed
764 1168 783 1191 e
801 1156 899 1192 fonte
924 1156 1175 1202 desumpsisse,
1200 1167 1270 1201 quo
1293 1152 1366 1192 iim

142 1221 209 1256 hae
232 1232 289 1256 res
312 1220 364 1255 ita
388 1219 567 1265 expositae
589 1222 706 1262 erant,
731 1222 772 1254 ut
787 1231 881 1255 nunc
899 1218 994 1265 apud
1011 1218 1240 1255 Plutarchum
1256 1219 1367 1265 scrip-

140 1286 196 1316 tas
230 1280 387 1325 legimus.
447 1279 604 1321 Quorum
646 1290 755 1323 quum
789 1279 945 1314 omnium
987 1278 1173 1314 doctorum
1211 1279 1366 1314 virorum

141 1345 258 1379 aetate
282 1341 491 1376 novissimus
516 1340 696 1386 scripserit
718 1340 922 1384 Panaetius,
948 1340 1083 1377 amicus
1107 1340 1169 1376 ille
1193 1340 1366 1387 Scipionis

143 1403 301 1439 Africani
324 1407 360 1438 et
382 1402 510 1445 Laelii,
543 1402 754 1438 Plutarchus
787 1414 859 1439 non
888 1402 993 1438 modo
1024 1403 1149 1439 ceteris
1182 1414 1266 1438 usus
1290 1413 1366 1438 esse

142 1476 213 1501 non
246 1467 378 1510 potest,
419 1463 481 1499 sed
514 1475 558 1499 ne
599 1464 693 1499 hunc
727 1464 868 1510 quidem
900 1465 1063 1501 excussit.
1118 1465 1240 1511 Neque
1271 1466 1365 1502 enim

141 1528 262 1574 vulgo,
295 1536 364 1573 quo
397 1527 495 1562 fonte
527 1538 610 1562 usus
640 1526 700 1568 sit,
733 1527 828 1562 dicit.
879 1526 968 1563 'I’um
1000 1527 1137 1570 omnia,
1178 1539 1270 1572 quae
1303 1527 1365 1563 ille

140 1588 261 1630 affert,
294 1587 449 1623 refutare
480 1586 615 1629 studet,
647 1586 707 1622 sed
736 1590 810 1622 tam
835 1587 924 1639 bene
947 1598 1028 1623 cum
1052 1589 1120 1631 eis,
1151 1600 1243 1634 quae
1265 1592 1365 1625 ante-

142 1650 272 1687 cedunt
302 1652 338 1686 et
372 1651 583 1694 sequuntur,
608 1648 815 1692 cohaerent,
840 1652 880 1685 ut
898 1650 997 1686 nullo
1013 1650 1119 1686 modo
1134 1662 1157 1686 a
1173 1651 1365 1688 Plutarcho

141 1713 218 1758 ipso
242 1711 365 1746 addita
388 1721 464 1745 esse
490 1709 626 1755 possint
657 1720 702 1744 ex
732 1720 837 1754 opere
861 1710 924 1745 illo
949 1710 1126 1754 Panaetii,
1168 1711 1264 1757 quod
1288 1713 1365 1748 Σω-

140 1771 273 1821 κράτης
295 1771 509 1808 inscribitur.
560 1770 677 1814 Quare
701 1770 793 1807 nihil
822 1771 920 1807 aliud
943 1775 1070 1816 restat,
1103 1784 1210 1819 quam
1242 1777 1282 1811 ut
1305 1786 1365 1812 su-

141 1847 280 1872 mamus
320 1833 551 1870 Plutarchum
585 1833 758 1879 scriptore
782 1833 936 1879 quodam
960 1846 1063 1871 usum
1086 1846 1180 1879 esse,
1211 1836 1273 1882 qui
1296 1836 1365 1873 Pa-

141 1898 259 1934 naetio
287 1899 404 1932 aetate
433 1896 606 1942 posterior
641 1899 737 1938 erat,
775 1899 811 1932 et
856 1900 1004 1933 exeunte
1038 1897 1191 1935 secundo
1223 1898 1364 1935 saeculo

141 1962 224 1995 ante
248 1958 428 1993 Christum
450 1959 575 1992 natum
604 1956 753 1992 vivebat.
803 1957 888 2000 Quis
919 1957 1042 2002 fuerit,
1075 1958 1191 1995 dicere
1222 1959 1363 2006 quidem

141 2033 213 2057 non
237 2032 433 2067 possumus,
458 2019 520 2055 sed
544 2020 605 2064 qui
629 2020 744 2062 fuerit,
769 2032 812 2055 ex
830 2021 892 2063 eis,
916 2032 1007 2065 quae
1030 2022 1148 2067 capita
1171 2022 1364 2065 continent,

142 2083 365 2128 perspicuum
389 2085 452 2117 est.
502 2080 593 2116 Nam
624 2081 696 2116 iam
732 2092 839 2126 supra
871 2080 945 2116 dixi
979 2085 1138 2128 spectare
1171 2093 1214 2118 ea
1245 2086 1282 2119 et
1315 2082 1364 2119 ad

141 2156 257 2181 mores
280 2148 316 2180 et
339 2143 386 2179 ad
409 2144 519 2179 vitam
543 2144 719 2189 privatam
743 2143 916 2179 Aristidis.
969 2145 1064 2188 Quas
1096 2156 1206 2190 quum
1235 2144 1282 2181 ad
1305 2156 1363 2182 res

140 2216 259 2241 rerum
283 2204 472 2249 scriptores
495 2203 631 2239 animos
652 2215 724 2239 non
739 2204 982 2247 attendissent,
1005 2204 1150 2241 tandem
1174 2207 1362 2252 postquam

141 2265 349 2302 Aristoteles
374 2264 565 2311 discipulos
588 2265 744 2312 impulit,
777 2269 817 2302 ut
845 2270 983 2313 tempus
1015 2278 1087 2302 non
1116 2266 1230 2303 solum
1253 2266 1363 2303 collo-
