1520 2520
726 112 768 146 11

141 225 213 250 non
230 217 371 261 potest,
395 218 436 252 ut
457 219 595 253 tantum
618 217 662 253 de
686 217 843 264 sontibus
865 218 1028 263 alterius,
1064 230 1172 265 quum
1202 231 1275 257 non
1298 221 1354 256 in-

136 279 241 323 tegra
264 276 326 320 sit,
351 289 580 324 quaeramus,
611 279 672 315 sed
697 281 833 327 semper
855 281 968 318 altera
991 281 1094 319 nobis
1115 282 1355 329 comparanda

139 344 211 385 est,
236 352 344 388 quum
368 341 509 379 tandem
527 342 595 379 hoc
611 343 732 387 modo,
758 344 820 389 qui
843 344 890 380 sit
913 344 993 381 fons
1008 357 1185 389 excussus,
1209 344 1355 383 definire

138 404 320 450 possimus.

234 465 378 502 Initium
401 466 570 503 narrandi
587 466 801 505 Plutarchus
824 470 870 505 ab
895 481 937 506 ea
952 482 991 507 re
1014 469 1130 513 sumit,
1155 481 1246 516 quae
1260 470 1354 506 vitae

139 528 345 574 gravissima
379 532 450 572 eet,
482 529 624 574 quando
657 533 693 565 et
733 531 909 575 quomodo
951 531 1119 567 Aristides
1159 532 1352 567 reverterit.

138 589 232 626 Illud
254 590 359 627 etiam
384 591 463 640 aliis
487 585 694 628 testimoniis
719 597 852 630 certum
876 597 945 637 est,
975 604 1089 639 neque
1112 604 1211 636 vero,
1244 605 1353 639 quum

139 652 326 699 scriptores
348 654 441 689 inter
465 666 501 689 se
517 654 725 700 discrepent,
749 666 820 703 quo
844 667 938 691 anno
954 655 1120 701 expulsus
1133 655 1189 691 sit.
1238 655 1352 698 Quum

138 717 231 753 enim
257 708 466 752 Plutarchus
490 715 558 752 hoc
583 715 663 752 loco
686 715 783 753 dicat
805 716 911 752 tertio
933 728 1027 752 anno
1049 716 1086 751 id
1109 715 1241 752 factum
1266 727 1350 758 esse.

137 780 326 823 antequam
350 779 611 822 restitueretur,
650 778 833 815 Cornelius
857 782 956 814 sexto
980 789 1091 821 anno,
1127 778 1234 814 ceteri
1263 777 1353 814 nihil

137 837 304 881 afferant,
343 839 432 875 certi
471 839 663 886 quidquam
699 843 853 877 statuere
883 853 955 876 non
985 852 1179 887 possumus.
1237 840 1351 882 Quum

83 934 87 938 .
137 904 255 937 autem
277 901 338 937 ille
361 901 455 937 bono
481 901 578 939 fonte
602 914 685 938 usus
708 898 781 939 esse
799 903 975 945 videatur,
1000 903 1032 938 ei
1055 902 1223 938 maiorem
1246 901 1351 938 fidem

136 963 322 999 tribuimus
348 975 454 1009 quam
478 944 656 1007 Cornelio,
681 965 750 1000 nisi
773 964 863 1000 forte
887 967 992 1000 antea
1015 964 1284 1006 demonstratur,
1307 975 1351 999 ex
1417 985 1420 988 v

136 1032 290 1071 quonam
314 1025 412 1062 fonte
435 1025 472 1060 id
504 1024 661 1068 fluxerit,
703 1026 740 1061 id
771 1025 866 1071 ¹quod
901 1026 942 1061 ut
975 1025 1136 1061 omnibus
1167 1025 1246 1060 vitis
1278 1023 1351 1060 eius

136 1085 279 1122 difficile
301 1090 374 1129 est,
409 1087 460 1122 ita.
483 1087 635 1122 maxime
660 1087 840 1129 Aristidis,
880 1087 1010 1133 quippe
1033 1098 1125 1132 quae
1147 1086 1351 1131 brevissima

136 1148 198 1192 sit,
225 1149 432 1194 praesertim
464 1160 572 1195 quum
596 1148 715 1195 paullo
745 1151 826 1194 post
851 1148 959 1184 talem
991 1159 1065 1183 rem
1089 1151 1229 1190 narret,
1261 1158 1352 1193 quae

135 1222 279 1257 prorsus
304 1224 327 1247 a
350 1212 474 1248 ceteris
497 1223 613 1247 rerum
640 1211 869 1257 scriptoribus
894 1211 1092 1248 abhorreat.

229 1275 423 1311 Restitutus
440 1277 493 1310 est
519 1274 713 1321 plebiscito
762 1273 852 1310 Nam
871 1273 1080 1310 Plutarchus
1102 1277 1226 1309 narrat
1244 1274 1351 1310 Athe-

135 1336 272 1373 nienses
296 1338 506 1379 metuentes,
543 1347 587 1371 ne
611 1335 656 1371 ad
680 1335 805 1371 Persas
829 1335 1054 1377 descisceret,
1090 1334 1228 1370 exsules
1251 1346 1348 1370 revo-

134 1408 242 1433 casse.
289 1396 387 1432 Idem
410 1396 514 1432 affert
537 1397 609 1432 vita.
626 1396 868 1432 Themistoclis
894 1408 971 1442 cap.
995 1395 1056 1439 XI,
1081 1407 1189 1441 quum
1214 1399 1352 1432 tantum

133 1456 170 1495 id
194 1459 321 1502 addat,
346 1459 441 1505 quod
463 1459 577 1506 ipsum
594 1458 706 1506 legem
731 1458 853 1495 tulisse
870 1461 1128 1494 commemoret.
1177 1457 1351 1494 Diodorus

133 1532 247 1566 neque
270 1520 357 1556 dicit
379 1521 516 1557 exsules
541 1524 720 1556 revocatos
753 1532 829 1557 esse
858 1532 971 1566 neque
995 1520 1181 1556 Aristidem
1214 1532 1352 1567 pugnae

132 1580 342 1618 interfuisse.
390 1581 589 1618 Herodotus
613 1581 753 1628 quidem
778 1581 961 1628 expulsum
987 1584 1024 1617 et
1046 1584 1246 1618 revocatum
1271 1593 1350 1617 eum

133 1656 304 1680 esse-non
326 1644 431 1687 dicit,
464 1644 524 1680 sed
547 1644 699 1690 primum
732 1643 776 1680 de
808 1656 850 1680 eo
880 1645 929 1680 ita
955 1644 1125 1690 loquitur,
1159 1644 1259 1687 VIII,
1295 1644 1350 1687 79,

133 1701 402 1753 συνεστηκότων
426 1706 467 1742 δὲ
490 1708 563 1741 τῶν
587 1708 794 1753 στρατηγῶν
819 1704 860 1750 ἐξ
872 1702 1032 1753 Αἰγίνης
1049 1704 1160 1753 ,διέβη
1174 1701 1350 1753 ’decani-

133 1767 197 1815 δης
219 1764 240 1802 ὖ
265 1766 485 1812 Λυσιμάχου
511 1764 599 1815 ἀνὴρ
615 1764 816 1816 ,Ἀθηναῖος
849 1768 916 1812 μὲν
949 1766 1279 1814 ἐξωστρακισμένος
1309 1767 1350 1803 δὲ

132 1825 209 1865 ὑπὸ
232 1831 298 1864 τοῦ
322 1826 437 1877 δήμου
461 1827 524 1866 τὸν
555 1827 625 1875 ἐγὼ
656 1827 826 1874 νενόμικα
850 1827 1127 1882 πυνθανόμενος
1150 1825 1264 1865 avito&
1286 1828 1350 1865 τὸν

132 1888 271 1940 τρόπον
294 1888 441 1940 ἄριστον
465 1888 578 1940 ἄνδρα
602 1891 774 1939 γενέσθαι
812 1890 849 1928 ἑν
866 1888 1048 1941 Ἀθήνῃσι
1080 1890 1143 1928 καὶ
1166 1890 1350 1929 δικαιότα-

117 1954 210 1998 ’τον,
235 1957 277 1990 ut
301 1953 443 1991 credere
469 1955 581 2001 possis
604 1954 708 2001 longe
732 1953 830 1990 aliud
853 1965 932 1990 eum
958 1966 1122 1991 narrasse
1144 1966 1188 1991 ac
1209 1955 1349 1992 Plutar-

132 2015 238 2052 chum
259 2015 397 2053 duobus
419 2016 491 2053 illis
515 2016 601 2053 locis
628 2016 830 2060 Aristidem,
855 2028 962 2062 quum
978 2028 1060 2053 ·n0n
1083 2017 1267 2056 restitutus
1292 2018 1349 2062 sit,

131 2089 269 2125 pugnae
293 2079 504 2117 Salaminiae
526 2079 735 2116 interfuisse.
783 2078 874 2114 Nam
897 2080 927 2116 si
953 2079 991 2115 in
1018 2077 1350 2126 ἐξωστρακισμένος

130 2140 309 2176 notionem
333 2140 479 2187 perfecti
501 2141 631 2187 passivi
645 2141 757 2176 inesse
781 2143 946 2186 putamus
969 2139 1145 2187 significat
1168 2152 1260 2185 eum,
1284 2142 1345 2187 qui

130 2201 230 2237 exsul
253 2204 322 2244 eet,
358 2213 472 2247 neque
500 2202 593 2237 idem
617 2205 671 2238 est
699 2200 795 2247 quod
824 2201 1047 2247 participium
1071 2202 1196 2238 aoristi
1218 2203 1347 2249 passivi

130 2265 167 2298 et
201 2263 231 2299 si
264 2262 372 2298 verba
403 2262 522 2299 Them.
548 2262 615 2299 XII
639 2258 704 2298 οὐκ
724 2258 774 2297 ὢν
797 2259 906 2310 φίλος
928 2259 1022 2299 ἀλλὰ
1045 2262 1109 2300 καὶ
1141 2261 1189 2301 δι’
1212 2264 1348 2301 ἐκεῖνον

129 2312 463 2371 ἔξώστρακισμένος.
492 2324 613 2360 codem
645 2324 749 2360 modo
778 2324 1068 2371 interpretamur,
1100 2326 1273 2372 sequitur,
1307 2330 1347 2362 ut
